2013.09.25 17:00:55.772,8.684,8.68663,2.10,1.13
2013.09.25 17:00:56.077,8.68402,8.68708,1.73,1.73
2013.09.25 17:00:56.257,8.68397,8.68662,1.13,1.73
2013.09.25 17:00:56.648,8.68357,8.68663,1.73,1.73
2013.09.25 17:00:57.489,8.68357,8.68662,1.73,1.73
2013.09.25 17:02:44.206,8.68417,8.68713,1.13,3.75
2013.09.25 17:02:44.676,8.68414,8.68752,1.13,1.88
2013.09.25 17:02:45.530,8.68417,8.68752,1.13,1.88
2013.09.25 17:02:46.427,8.68469,8.68752,1.13,1.50
2013.09.25 17:02:46.606,8.68469,8.68804,1.13,1.13
2013.09.25 17:02:46.847,8.68469,8.68804,1.13,1.13
2013.09.25 17:02:47.767,8.68438,8.6881,1.13,1.13
2013.09.25 17:02:47.887,8.68422,8.68753,1.13,2.32
2013.09.25 17:02:48.246,8.68418,8.68747,1.88,1.82
2013.09.25 17:02:50.496,8.68418,8.68754,1.88,1.13
2013.09.25 17:04:18.786,8.68399,8.68758,1.88,1.05
2013.09.25 17:04:19.882,8.68399,8.68759,1.13,1.13
2013.09.25 17:04:37.651,8.68403,8.68753,1.13,1.13
2013.09.25 17:04:39.400,8.68403,8.68753,1.13,1.13
2013.09.25 17:04:39.757,8.68403,8.68753,1.13,1.13
2013.09.25 17:04:40.058,8.684,8.68744,1.13,1.13
2013.09.25 17:04:45.417,8.684,8.68742,1.13,1.13
2013.09.25 17:05:55.736,8.68378,8.68742,1.13,1.73
2013.09.25 17:06:27.337,8.68437,8.68804,1.13,1.13
2013.09.25 17:06:27.517,8.6844,8.68813,1.13,1.13
2013.09.25 17:06:28.407,8.6844,8.68813,1.13,1.13
2013.09.25 17:06:31.487,8.6844,8.68812,1.13,1.13
2013.09.25 17:06:36.217,8.6844,8.68813,1.13,1.13
2013.09.25 17:07:22.607,8.6844,8.68822,1.13,1.13
2013.09.25 17:08:10.507,8.68412,8.68782,1.13,1.13
2013.09.25 17:08:10.687,8.6844,8.68782,1.13,1.13
2013.09.25 17:08:11.697,8.6843,8.68782,1.13,1.13
2013.09.25 17:08:14.677,8.68439,8.68822,1.13,1.13
2013.09.25 17:08:22.777,8.68447,8.68823,1.73,1.13
2013.09.25 17:08:40.847,8.68498,8.68802,1.88,1.73
2013.09.25 17:08:41.087,8.68457,8.68793,1.73,1.73
2013.09.25 17:08:44.478,8.68498,8.68843,1.88,1.13
2013.09.25 17:09:02.620,8.68507,8.68777,1.13,2.25
2013.09.25 17:09:02.749,8.68498,8.68763,1.88,1.88
2013.09.25 17:09:04.059,8.68498,8.68802,1.88,1.13
2013.09.25 17:09:12.488,8.68498,8.68802,1.88,1.13
2013.09.25 17:09:27.787,8.68498,8.68802,1.88,2.48
2013.09.25 17:09:39.927,8.68457,8.68792,1.73,1.73
2013.09.25 17:09:59.248,8.68448,8.68773,3.23,1.73
2013.09.25 17:09:59.488,8.68448,8.68778,2.48,1.73
2013.09.25 17:10:03.680,8.68448,8.68783,2.48,1.73
2013.09.25 17:11:26.998,8.68423,8.68732,1.13,1.73
2013.09.25 17:11:27.058,8.6841,8.68707,1.13,1.13
2013.09.25 17:11:27.177,8.68387,8.68706,1.88,1.13
2013.09.25 17:11:27.487,8.68387,8.68682,1.88,1.88
2013.09.25 17:11:27.728,8.68387,8.68642,1.88,1.88
2013.09.25 17:11:27.907,8.68387,8.68642,1.88,1.13
2013.09.25 17:11:28.147,8.68387,8.68675,1.88,1.73
2013.09.25 17:11:30.008,8.68387,8.68633,1.88,1.13
2013.09.25 17:11:30.578,8.68387,8.6863,1.88,1.35
2013.09.25 17:11:30.818,8.68293,8.68558,1.50,2.19
2013.09.25 17:11:30.938,8.68332,8.68562,1.50,3.03
2013.09.25 17:11:30.998,8.68247,8.68562,1.13,3.03
2013.09.25 17:11:31.626,8.68247,8.68562,1.13,3.03
2013.09.25 17:11:31.704,8.68247,8.68552,1.13,1.13
2013.09.25 17:11:32.021,8.68189,8.6852,1.50,1.84
2013.09.25 17:11:32.208,8.68189,8.68522,1.50,3.08
2013.09.25 17:11:32.388,8.68189,8.68518,1.50,2.54
2013.09.25 17:11:32.808,8.68187,8.68512,1.13,2.63
2013.09.25 17:11:32.928,8.68187,8.68526,1.13,2.31
2013.09.25 17:11:33.617,8.68165,8.68528,1.50,1.13
2013.09.25 17:11:34.141,8.68165,8.68528,1.50,1.13
2013.09.25 17:11:34.668,8.68165,8.68528,1.50,1.13
2013.09.25 17:11:51.310,8.68168,8.68528,1.50,1.13
2013.09.25 17:11:51.422,8.68168,8.68528,1.50,1.13
2013.09.25 17:11:54.529,8.68168,8.68533,1.50,1.13
2013.09.25 17:11:54.648,8.68168,8.68533,1.50,1.13
2013.09.25 17:11:56.218,8.68168,8.68533,1.50,1.50
2013.09.25 17:11:56.278,8.68168,8.68488,1.50,1.13
2013.09.25 17:11:56.338,8.68152,8.68453,1.50,2.00
2013.09.25 17:11:57.558,8.68151,8.68449,1.50,1.65
2013.09.25 17:12:11.403,8.68157,8.68448,1.50,1.46
2013.09.25 17:12:11.549,8.68157,8.68448,1.50,1.46
2013.09.25 17:12:11.789,8.68157,8.68448,1.50,1.46
2013.09.25 17:12:12.519,8.68157,8.68448,1.50,1.46
2013.09.25 17:12:15.668,8.68159,8.68483,1.50,2.25
2013.09.25 17:12:15.789,8.68211,8.68495,1.13,1.13
2013.09.25 17:12:16.248,8.68217,8.68534,1.13,1.35
2013.09.25 17:12:17.068,8.68217,8.68539,1.13,1.35
2013.09.25 17:12:24.028,8.68218,8.68553,1.13,2.48
2013.09.25 17:12:24.147,8.68218,8.68563,1.13,2.48
2013.09.25 17:12:25.229,8.68217,8.68563,1.13,2.48
2013.09.25 17:12:34.948,8.68241,8.68493,1.13,2.01
2013.09.25 17:12:35.307,8.68216,8.68456,1.13,2.10
2013.09.25 17:12:35.367,8.68215,8.68456,1.13,2.48
2013.09.25 17:12:45.300,8.68216,8.68503,1.13,1.88
2013.09.25 17:12:45.659,8.68216,8.68522,1.13,1.88
2013.09.25 17:12:59.488,8.68205,8.68542,1.13,1.13
2013.09.25 17:12:59.728,8.68208,8.6862,1.88,1.13
2013.09.25 17:13:00.797,8.68237,8.68643,1.13,2.63
2013.09.25 17:13:00.917,8.68237,8.68643,1.13,2.63
2013.09.25 17:14:04.799,8.68298,8.68643,1.13,1.87
2013.09.25 17:14:06.000,8.68298,8.68642,1.13,1.87
2013.09.25 17:14:06.267,8.68238,8.68648,1.13,1.13
2013.09.25 17:14:12.608,8.68238,8.68576,1.13,2.48
2013.09.25 17:15:04.318,8.68227,8.68533,1.13,2.48
2013.09.25 17:15:10.136,8.68238,8.68343,1.13,2.12
2013.09.25 17:15:10.318,8.68238,8.68347,1.13,1.05
2013.09.25 17:15:10.438,8.68217,8.68387,1.13,1.76
2013.09.25 17:15:10.498,8.68217,8.68452,1.13,1.13
2013.09.25 17:15:10.559,8.68217,8.68489,1.13,1.13
2013.09.25 17:15:11.568,8.68187,8.68533,1.13,2.48
2013.09.25 17:15:16.177,8.68466,8.68586,2.10,1.13
2013.09.25 17:15:16.238,8.68468,8.68628,1.73,2.25
2013.09.25 17:15:16.298,8.68468,8.68652,1.13,1.50
2013.09.25 17:15:16.419,8.68448,8.68657,1.50,2.25
2013.09.25 17:15:16.479,8.68432,8.68651,1.13,1.50
2013.09.25 17:15:16.540,8.68412,8.68643,1.50,1.13
2013.09.25 17:15:16.599,8.68312,8.68643,1.13,1.13
2013.09.25 17:15:16.658,8.68292,8.68643,1.13,1.13
2013.09.25 17:15:17.872,8.68268,8.68642,1.88,1.13
2013.09.25 17:15:17.999,8.68268,8.6867,1.88,1.13
2013.09.25 17:15:19.078,8.68254,8.68663,1.13,1.88
2013.09.25 17:15:21.258,8.68254,8.68663,1.13,1.88
2013.09.25 17:15:21.377,8.68273,8.68663,1.13,1.88
2013.09.25 17:15:26.107,8.68273,8.68573,1.13,2.10
2013.09.25 17:15:26.408,8.68217,8.68543,1.13,2.48
2013.09.25 17:15:39.208,8.68483,8.68588,2.48,1.13
2013.09.25 17:15:39.267,8.68483,8.68677,2.48,1.13
2013.09.25 17:15:39.328,8.68498,8.68742,1.73,1.50
2013.09.25 17:15:39.448,8.68498,8.68742,1.73,1.50
2013.09.25 17:15:39.568,8.68498,8.68742,1.73,1.50
2013.09.25 17:15:39.988,8.6852,8.68742,2.48,1.50
2013.09.25 17:15:40.528,8.68521,8.68742,1.13,1.50
2013.09.25 17:15:41.998,8.68521,8.6871,1.13,1.35
2013.09.25 17:15:42.058,8.68453,8.68683,1.13,1.13
2013.09.25 17:15:42.419,8.68397,8.68722,1.13,1.73
2013.09.25 17:15:43.392,8.68341,8.68717,1.13,2.48
2013.09.25 17:15:43.518,8.6833,8.68717,1.13,3.23
2013.09.25 17:15:44.268,8.68305,8.68702,3.60,2.85
2013.09.25 17:15:44.328,8.68299,8.68702,2.85,2.85
2013.09.25 17:15:45.088,8.68297,8.68691,2.33,1.73
2013.09.25 17:15:45.508,8.68291,8.68691,2.10,1.73
2013.09.25 17:15:47.998,8.68288,8.68691,1.88,1.73
2013.09.25 17:15:48.618,8.68289,8.68691,1.88,1.73
2013.09.25 17:15:54.052,8.68288,8.68691,2.70,1.73
2013.09.25 17:15:54.278,8.68286,8.68691,2.78,1.73
2013.09.25 17:16:09.468,8.68286,8.68642,2.78,1.13
2013.09.25 17:16:09.589,8.68238,8.68642,1.13,1.13
2013.09.25 17:16:15.529,8.68259,8.68643,1.13,2.48
2013.09.25 17:16:18.888,8.68297,8.6863,1.50,2.48
2013.09.25 17:16:19.068,8.68268,8.6863,1.13,2.48
2013.09.25 17:16:22.618,8.6823,8.6863,1.13,2.10
2013.09.25 17:16:30.529,8.68241,8.68385,1.13,2.10
2013.09.25 17:16:30.648,8.68228,8.68351,1.50,2.48
2013.09.25 17:16:30.768,8.68293,8.68351,1.50,2.48
2013.09.25 17:16:30.889,8.68199,8.68402,1.13,1.13
2013.09.25 17:16:30.948,8.68199,8.68412,1.13,2.58
2013.09.25 17:16:31.008,8.68187,8.68432,1.88,1.50
2013.09.25 17:16:31.068,8.68187,8.68472,1.88,1.13
2013.09.25 17:16:31.129,8.68187,8.68545,1.88,2.48
2013.09.25 17:16:32.228,8.68208,8.68582,1.88,1.13
2013.09.25 17:16:32.408,8.68239,8.68649,1.13,1.73
2013.09.25 17:16:34.088,8.68239,8.68376,1.13,2.10
2013.09.25 17:16:34.328,8.68182,8.6835,1.50,2.48
2013.09.25 17:16:34.509,8.68181,8.6835,1.50,2.48
2013.09.25 17:16:41.348,8.68172,8.68387,1.50,1.13
2013.09.25 17:16:41.530,8.68117,8.68416,1.13,1.13
2013.09.25 17:16:41.588,8.68138,8.68449,1.13,2.48
2013.09.25 17:16:41.648,8.68158,8.68449,1.13,2.48
2013.09.25 17:16:42.648,8.68127,8.68434,1.50,2.48
2013.09.25 17:16:42.708,8.68104,8.68434,1.13,2.48
2013.09.25 17:16:43.628,8.68067,8.68429,1.05,2.48
2013.09.25 17:16:44.808,8.68068,8.68403,1.05,2.48
2013.09.25 17:16:45.948,8.68068,8.68382,1.05,1.73
2013.09.25 17:16:52.909,8.68068,8.68246,1.05,2.48
2013.09.25 17:16:52.968,8.68067,8.68246,1.05,2.48
2013.09.25 17:16:53.028,8.68083,8.68232,1.50,2.48
2013.09.25 17:16:53.148,8.68072,8.68232,1.50,2.48
2013.09.25 17:16:55.908,8.68072,8.68232,1.50,2.48
2013.09.25 17:17:11.799,8.68058,8.6824,1.67,1.73
2013.09.25 17:17:12.178,8.67948,8.68241,1.50,1.73
2013.09.25 17:17:12.678,8.67948,8.68241,1.50,1.73
2013.09.25 17:17:13.611,8.67948,8.68233,1.50,2.48
2013.09.25 17:17:21.329,8.68027,8.68233,1.44,2.48
2013.09.25 17:17:21.688,8.68046,8.68233,1.50,1.88
2013.09.25 17:17:22.250,8.68046,8.68233,1.50,1.88
2013.09.25 17:17:22.471,8.68046,8.68233,1.50,1.88
2013.09.25 17:17:22.588,8.67999,8.68233,1.50,1.88
2013.09.25 17:17:22.709,8.67984,8.68233,1.50,1.88
2013.09.25 17:17:30.438,8.67985,8.68233,1.50,1.88
2013.09.25 17:17:30.619,8.67985,8.68233,1.50,1.88
2013.09.25 17:17:30.740,8.67985,8.68233,1.50,1.88
2013.09.25 17:17:30.859,8.67985,8.68233,1.50,1.88
2013.09.25 17:17:35.548,8.68008,8.68233,1.50,1.88
2013.09.25 17:17:39.241,8.68007,8.68233,1.50,1.88
2013.09.25 17:17:45.520,8.68007,8.68233,1.50,1.88
2013.09.25 17:17:45.578,8.68007,8.68233,1.50,1.88
2013.09.25 17:17:45.639,8.68018,8.68233,1.50,1.88
2013.09.25 17:17:49.519,8.68017,8.68282,1.50,2.48
2013.09.25 17:17:49.578,8.68029,8.68282,1.50,2.48
2013.09.25 17:17:50.776,8.68029,8.68282,1.50,2.48
2013.09.25 17:17:51.788,8.68029,8.68282,1.50,2.48
2013.09.25 17:17:51.909,8.68029,8.68282,1.50,2.48
2013.09.25 17:17:52.148,8.68008,8.68282,1.13,2.48
2013.09.25 17:17:52.968,8.68027,8.68282,1.50,2.48
2013.09.25 17:17:58.648,8.68018,8.68282,1.50,2.48
2013.09.25 17:17:58.768,8.68018,8.68282,1.50,2.48
2013.09.25 17:17:58.949,8.68018,8.68282,1.50,2.48
2013.09.25 17:18:09.311,8.68028,8.68282,1.50,2.48
2013.09.25 17:18:10.798,8.68029,8.68282,1.50,2.48
2013.09.25 17:18:30.379,8.67988,8.68282,1.50,2.48
2013.09.25 17:18:30.558,8.68007,8.68282,1.13,2.48
2013.09.25 17:18:30.861,8.6803,8.68282,1.50,2.48
2013.09.25 17:18:31.730,8.6803,8.68282,1.50,2.48
2013.09.25 17:18:31.806,8.6803,8.68282,1.50,2.48
2013.09.25 17:18:32.189,8.6803,8.68282,1.50,2.48
2013.09.25 17:18:33.126,8.6803,8.68282,1.50,2.48
2013.09.25 17:18:40.859,8.68007,8.68282,1.88,2.48
2013.09.25 17:18:40.919,8.68018,8.68282,1.13,2.48
2013.09.25 17:18:41.100,8.6803,8.68282,1.50,2.48
2013.09.25 17:18:42.738,8.6803,8.68282,1.50,2.48
2013.09.25 17:18:48.838,8.6803,8.6814,1.50,2.10
2013.09.25 17:18:48.899,8.68018,8.6814,1.13,2.10
2013.09.25 17:18:48.959,8.67975,8.68137,1.95,1.73
2013.09.25 17:18:49.019,8.67928,8.68112,2.25,1.73
2013.09.25 17:18:49.140,8.67948,8.68112,1.35,1.13
2013.09.25 17:18:49.258,8.68005,8.68222,1.13,1.13
2013.09.25 17:18:49.318,8.68005,8.68264,1.13,1.13
2013.09.25 17:18:49.378,8.68018,8.68292,1.13,2.48
2013.09.25 17:18:49.678,8.68008,8.68292,1.13,3.23
2013.09.25 17:18:50.569,8.68008,8.68292,1.13,2.48
2013.09.25 17:18:52.537,8.68008,8.68123,1.13,2.10
2013.09.25 17:18:52.778,8.67901,8.68073,1.50,1.13
2013.09.25 17:18:52.838,8.67892,8.68073,1.50,1.13
2013.09.25 17:18:52.899,8.67911,8.68082,1.73,1.46
2013.09.25 17:18:52.959,8.67918,8.68153,1.73,2.25
2013.09.25 17:18:53.078,8.68008,8.68252,1.13,1.13
2013.09.25 17:18:53.138,8.67998,8.68277,1.13,1.73
2013.09.25 17:18:54.208,8.68008,8.68268,1.13,1.13
2013.09.25 17:18:54.388,8.68008,8.68268,1.13,1.13
2013.09.25 17:18:55.286,8.68008,8.681,1.13,2.10
2013.09.25 17:18:55.408,8.67917,8.68063,1.50,1.13
2013.09.25 17:18:55.468,8.67896,8.68063,1.50,1.13
2013.09.25 17:18:55.529,8.67874,8.68062,1.50,1.13
2013.09.25 17:18:55.650,8.67888,8.68083,1.88,1.50
2013.09.25 17:18:55.769,8.67977,8.68163,1.13,1.86
2013.09.25 17:18:55.888,8.67968,8.68163,1.13,1.86
2013.09.25 17:18:56.648,8.67967,8.68163,1.50,2.24
2013.09.25 17:18:56.949,8.67967,8.68162,1.50,2.06
2013.09.25 17:18:57.288,8.67967,8.68162,1.50,2.06
2013.09.25 17:18:58.949,8.67888,8.68073,1.88,1.35
2013.09.25 17:18:59.069,8.67863,8.68073,1.50,1.73
2013.09.25 17:18:59.188,8.67829,8.68067,2.25,1.73
2013.09.25 17:18:59.249,8.67813,8.68067,2.41,1.73
2013.09.25 17:18:59.369,8.67813,8.68067,2.41,1.73
2013.09.25 17:18:59.609,8.67848,8.68088,1.73,3.38
2013.09.25 17:19:00.618,8.67889,8.68089,2.10,1.88
2013.09.25 17:19:00.738,8.67889,8.68089,2.48,1.50
2013.09.25 17:19:00.798,8.67947,8.68122,1.50,1.50
2013.09.25 17:19:00.859,8.67967,8.68163,1.50,1.83
2013.09.25 17:19:00.918,8.67967,8.68163,1.50,1.83
2013.09.25 17:19:01.898,8.67967,8.68163,1.88,1.45
2013.09.25 17:19:02.019,8.67967,8.68163,1.88,1.45
2013.09.25 17:19:02.525,8.67985,8.68163,1.50,1.45
2013.09.25 17:19:03.128,8.67985,8.6815,1.50,2.48
2013.09.25 17:19:03.189,8.67903,8.68092,1.50,1.88
2013.09.25 17:19:03.325,8.67848,8.68092,3.23,2.63
2013.09.25 17:19:03.391,8.67831,8.68092,1.73,2.63
2013.09.25 17:19:12.278,8.67886,8.68088,2.48,1.50
2013.09.25 17:19:12.338,8.67886,8.68152,2.48,1.13
2013.09.25 17:19:21.751,8.67905,8.68152,3.00,1.13
2013.09.25 17:19:22.270,8.67905,8.68152,1.35,1.13
2013.09.25 17:19:22.360,8.67886,8.68152,2.48,1.13
2013.09.25 17:19:42.072,8.67886,8.68159,2.48,1.13
2013.09.25 17:19:42.689,8.6789,8.68159,2.48,1.13
2013.09.25 17:20:02.385,8.67912,8.68159,2.25,1.13
2013.09.25 17:20:03.379,8.67922,8.68159,1.50,1.13
2013.09.25 17:20:04.051,8.67938,8.68159,1.50,1.13
2013.09.25 17:20:06.599,8.67911,8.68159,1.50,1.13
2013.09.25 17:20:47.008,8.6791,8.68159,1.35,1.13
2013.09.25 17:20:48.024,8.67891,8.68159,2.48,1.13
2013.09.25 17:21:20.370,8.6789,8.68159,2.48,1.13
2013.09.25 17:21:39.279,8.67909,8.68159,1.35,1.13
2013.09.25 17:21:39.639,8.67912,8.68164,1.50,1.13
2013.09.25 17:21:41.444,8.67912,8.68164,1.50,1.13
2013.09.25 17:21:41.608,8.67912,8.68164,1.50,1.13
2013.09.25 17:22:05.149,8.67918,8.68168,1.13,1.13
2013.09.25 17:22:05.658,8.67918,8.68168,1.13,1.13
2013.09.25 17:22:23.289,8.67911,8.68103,1.73,1.65
2013.09.25 17:22:25.333,8.67917,8.68092,1.13,1.50
2013.09.25 17:22:30.648,8.67918,8.68093,1.13,1.50
2013.09.25 17:22:30.890,8.67917,8.68093,1.13,1.50
2013.09.25 17:22:31.610,8.67917,8.68093,1.13,1.50
2013.09.25 17:22:32.549,8.67907,8.68093,1.73,1.50
2013.09.25 17:22:35.809,8.67907,8.68093,1.73,1.50
2013.09.25 17:22:55.773,8.67907,8.68093,1.73,1.50
2013.09.25 17:22:56.128,8.679,8.68093,2.48,1.50
2013.09.25 17:22:57.159,8.67948,8.68093,1.13,1.50
2013.09.25 17:22:58.789,8.67948,8.68093,1.13,1.50
2013.09.25 17:23:04.409,8.67927,8.68093,1.73,1.50
2013.09.25 17:23:50.719,8.67907,8.68093,1.13,1.50
2013.09.25 17:23:55.479,8.67911,8.68093,1.13,1.50
2013.09.25 17:23:55.839,8.67911,8.68093,1.13,1.50
2013.09.25 17:23:57.029,8.67938,8.68092,1.13,1.50
2013.09.25 17:24:05.909,8.67927,8.68092,1.13,1.50
2013.09.25 17:24:20.099,8.67937,8.68093,1.13,1.50
2013.09.25 17:24:33.189,8.67887,8.68092,1.50,1.13
2013.09.25 17:24:33.249,8.67857,8.68092,1.13,1.13
2013.09.25 17:24:54.389,8.67888,8.68093,1.50,1.88
2013.09.25 17:24:54.749,8.67888,8.68093,1.88,1.50
2013.09.25 17:25:05.681,8.67908,8.68093,1.13,1.50
2013.09.25 17:25:05.749,8.67908,8.68093,1.13,1.50
2013.09.25 17:25:05.879,8.67877,8.68093,1.73,1.50
2013.09.25 17:25:13.919,8.67849,8.68093,2.48,1.50
2013.09.25 17:25:22.700,8.67847,8.68093,2.63,1.88
2013.09.25 17:25:23.303,8.67842,8.68093,1.13,1.88
2013.09.25 17:25:24.505,8.67797,8.68057,1.50,1.13
2013.09.25 17:25:30.290,8.67797,8.68057,1.50,1.13
2013.09.25 17:25:30.781,8.67758,8.68013,1.13,1.88
2013.09.25 17:25:30.841,8.67727,8.68013,1.13,2.25
2013.09.25 17:25:31.019,8.67727,8.68013,1.13,1.88
2013.09.25 17:25:31.139,8.67727,8.68013,1.13,1.88
2013.09.25 17:25:35.100,8.67727,8.68013,1.13,1.88
2013.09.25 17:25:35.219,8.67718,8.68013,1.13,1.88
2013.09.25 17:26:02.110,8.67727,8.68013,1.13,1.88
2013.09.25 17:26:03.509,8.67727,8.68013,1.13,1.88
2013.09.25 17:26:04.602,8.67723,8.68013,1.13,1.88
2013.09.25 17:27:16.220,8.6767,8.67952,1.13,1.73
2013.09.25 17:28:30.599,8.6762,8.67754,1.13,2.10
2013.09.25 17:28:30.780,8.67568,8.67745,2.18,2.10
2013.09.25 17:28:30.840,8.67568,8.67745,2.10,2.10
2013.09.25 17:28:31.320,8.67529,8.67745,2.50,2.10
2013.09.25 17:28:31.440,8.67485,8.67725,1.13,1.43
2013.09.25 17:28:31.619,8.67473,8.67729,1.13,1.35
2013.09.25 17:28:31.739,8.67478,8.67795,1.13,1.50
2013.09.25 17:28:31.920,8.67485,8.67801,1.13,2.70
2013.09.25 17:28:42.778,8.67488,8.67784,1.13,2.10
2013.09.25 17:28:43.080,8.67488,8.6773,1.13,1.13
2013.09.25 17:28:43.317,8.67488,8.6773,1.13,1.13
2013.09.25 17:28:43.450,8.67488,8.67735,1.13,1.13
2013.09.25 17:28:44.759,8.67497,8.67734,1.13,1.13
2013.09.25 17:28:45.804,8.67497,8.67734,1.13,1.13
2013.09.25 17:28:45.872,8.67497,8.67734,1.13,1.13
2013.09.25 17:28:46.112,8.67487,8.67734,1.13,1.13
2013.09.25 17:28:46.171,8.67487,8.67743,1.13,1.13
2013.09.25 17:28:46.230,8.67487,8.67763,1.13,1.13
2013.09.25 17:28:46.410,8.67497,8.678,1.13,1.73
2013.09.25 17:28:48.707,8.67497,8.67762,1.13,1.13
2013.09.25 17:29:09.738,8.67497,8.6778,1.13,1.35
2013.09.25 17:29:09.810,8.67518,8.67782,1.13,1.73
2013.09.25 17:29:10.759,8.67518,8.67783,1.13,1.73
2013.09.25 17:29:11.697,8.67518,8.67783,1.13,1.73
2013.09.25 17:29:16.113,8.67485,8.67783,1.13,1.13
2013.09.25 17:29:16.180,8.67485,8.67812,1.13,1.88
2013.09.25 17:29:16.360,8.67527,8.67818,1.13,2.48
2013.09.25 17:29:16.420,8.67518,8.67802,1.13,2.48
2013.09.25 17:29:18.736,8.67518,8.67782,1.13,1.73
2013.09.25 17:29:24.359,8.67488,8.67782,1.13,1.73
2013.09.25 17:30:14.421,8.67468,8.67783,1.50,1.73
2013.09.25 17:30:14.540,8.67481,8.67783,1.13,1.73
2013.09.25 17:30:14.841,8.67442,8.67653,1.50,2.48
2013.09.25 17:30:15.079,8.67438,8.67653,1.50,2.48
2013.09.25 17:30:18.690,8.67435,8.67649,1.50,2.48
2013.09.25 17:30:23.280,8.67428,8.67648,1.13,2.48
2013.09.25 17:30:23.340,8.67438,8.67648,1.50,1.73
2013.09.25 17:30:24.382,8.67438,8.67648,1.50,1.73
2013.09.25 17:30:24.689,8.67418,8.67593,1.50,1.35
2013.09.25 17:30:24.869,8.67398,8.67593,1.50,1.73
2013.09.25 17:30:24.930,8.67368,8.67593,1.50,2.48
2013.09.25 17:30:37.461,8.67367,8.67589,1.50,1.73
2013.09.25 17:30:37.730,8.67376,8.67592,1.13,1.35
2013.09.25 17:30:45.553,8.67377,8.67614,1.13,2.10
2013.09.25 17:30:45.621,8.6735,8.67614,1.13,2.10
2013.09.25 17:30:45.800,8.67469,8.67645,1.73,1.88
2013.09.25 17:30:45.921,8.67476,8.67736,1.73,1.35
2013.09.25 17:30:45.980,8.67478,8.67782,1.73,1.35
2013.09.25 17:30:48.059,8.67478,8.6766,1.13,2.10
2013.09.25 17:30:48.300,8.67459,8.67632,1.50,3.98
2013.09.25 17:30:48.359,8.6744,8.67632,1.50,3.98
2013.09.25 17:30:50.390,8.67452,8.67629,1.35,3.38
2013.09.25 17:30:50.450,8.67452,8.67629,1.73,3.00
2013.09.25 17:30:50.572,8.67476,8.67742,1.13,1.88
2013.09.25 17:30:55.219,8.67473,8.67753,1.13,1.13
2013.09.25 17:30:55.520,8.67472,8.67752,1.13,1.73
2013.09.25 17:30:56.961,8.67437,8.67693,1.13,1.73
2013.09.25 17:30:58.069,8.67452,8.67693,1.35,1.13
2013.09.25 17:30:58.310,8.67465,8.67707,1.73,1.13
2013.09.25 17:30:58.830,8.67473,8.67782,1.73,2.48
2013.09.25 17:31:31.600,8.67528,8.67782,1.13,2.10
2013.09.25 17:31:31.660,8.67617,8.67852,1.78,2.63
2013.09.25 17:31:31.720,8.67617,8.67849,1.78,2.25
2013.09.25 17:31:31.840,8.67627,8.67849,1.13,2.25
2013.09.25 17:31:31.960,8.67607,8.67849,1.73,2.25
2013.09.25 17:31:33.045,8.67581,8.67811,1.13,2.10
2013.09.25 17:31:33.350,8.67514,8.67802,1.13,3.23
2013.09.25 17:31:35.150,8.67498,8.67743,1.13,1.73
2013.09.25 17:31:35.270,8.67487,8.67743,1.13,1.73
2013.09.25 17:31:35.389,8.67477,8.67743,1.13,1.73
2013.09.25 17:31:43.550,8.67472,8.67773,1.73,1.88
2013.09.25 17:31:43.730,8.67472,8.67773,1.73,1.88
2013.09.25 17:31:44.832,8.67472,8.67773,1.73,1.88
2013.09.25 17:31:48.160,8.67472,8.67747,1.88,2.48
2013.09.25 17:31:50.902,8.67472,8.67744,1.13,1.73
2013.09.25 17:31:51.021,8.67466,8.67773,1.73,1.88
2013.09.25 17:31:51.937,8.67472,8.67773,1.73,1.88
2013.09.25 17:31:52.310,8.67473,8.67773,1.73,1.88
2013.09.25 17:31:53.780,8.67473,8.67744,1.13,1.73
2013.09.25 17:32:11.054,8.67485,8.67744,2.48,1.13
2013.09.25 17:32:11.240,8.67498,8.67767,1.73,1.35
2013.09.25 17:32:16.341,8.67502,8.67705,1.88,2.10
2013.09.25 17:32:16.642,8.67437,8.67702,1.13,1.73
2013.09.25 17:32:18.150,8.67436,8.67698,2.48,1.13
2013.09.25 17:32:18.270,8.67436,8.67704,2.48,1.13
2013.09.25 17:32:26.740,8.67469,8.67744,1.13,2.48
2013.09.25 17:32:48.240,8.67481,8.67748,1.13,2.48
2013.09.25 17:33:49.150,8.67503,8.67772,1.73,2.48
2013.09.25 17:33:52.930,8.67503,8.6776,1.73,1.35
2013.09.25 17:33:57.111,8.67558,8.67783,1.13,2.48
2013.09.25 17:33:57.689,8.67571,8.67783,3.83,2.48
2013.09.25 17:33:58.450,8.67584,8.67783,2.48,2.48
2013.09.25 17:34:00.602,8.67596,8.67783,2.48,2.48
2013.09.25 17:34:02.330,8.6758,8.67783,2.82,2.48
2013.09.25 17:34:07.352,8.67587,8.67783,1.13,2.48
2013.09.25 17:34:07.988,8.67587,8.67783,1.13,2.48
2013.09.25 17:34:08.498,8.67578,8.67783,1.50,2.48
2013.09.25 17:34:09.090,8.67578,8.67783,2.25,2.48
2013.09.25 17:34:10.421,8.6758,8.67783,2.16,2.48
2013.09.25 17:34:20.966,8.67587,8.67783,1.13,2.10
2013.09.25 17:34:21.742,8.67587,8.67811,1.13,1.35
2013.09.25 17:34:25.241,8.67587,8.67811,1.13,1.35
2013.09.25 17:34:45.567,8.67587,8.67813,1.13,2.48
2013.09.25 17:34:53.330,8.67587,8.67814,1.13,2.48
2013.09.25 17:35:09.761,8.67584,8.67814,1.13,2.48
2013.09.25 17:35:12.781,8.67584,8.67838,1.13,1.13
2013.09.25 17:35:13.021,8.67627,8.67853,1.95,1.50
2013.09.25 17:35:13.081,8.67637,8.67863,1.13,1.13
2013.09.25 17:35:13.440,8.67658,8.67928,1.13,1.73
2013.09.25 17:35:13.500,8.6766,8.67928,1.13,1.73
2013.09.25 17:35:14.070,8.6766,8.67918,1.13,2.48
2013.09.25 17:35:14.430,8.67678,8.67918,1.13,2.48
2013.09.25 17:35:17.120,8.67691,8.67928,1.13,1.13
2013.09.25 17:35:17.180,8.67707,8.67928,1.50,1.13
2013.09.25 17:35:17.360,8.67717,8.67953,1.13,1.13
2013.09.25 17:35:17.480,8.67717,8.67947,1.13,1.13
2013.09.25 17:35:18.470,8.67747,8.67952,1.13,1.13
2013.09.25 17:35:18.890,8.67748,8.67983,1.13,1.13
2013.09.25 17:35:19.251,8.67765,8.67993,1.13,1.13
2013.09.25 17:35:19.310,8.67765,8.67993,1.13,1.13
2013.09.25 17:35:23.121,8.67765,8.67993,1.13,1.88
2013.09.25 17:35:23.300,8.67691,8.67935,1.13,1.73
2013.09.25 17:35:24.046,8.67643,8.67928,2.85,1.73
2013.09.25 17:35:24.401,8.67643,8.67878,2.25,2.10
2013.09.25 17:35:24.520,8.67636,8.67878,1.13,2.48
2013.09.25 17:35:32.203,8.67651,8.67903,1.62,1.13
2013.09.25 17:35:32.320,8.67661,8.67928,1.13,1.13
2013.09.25 17:35:33.410,8.67707,8.67933,1.13,1.13
2013.09.25 17:35:34.382,8.67708,8.67952,1.13,1.13
2013.09.25 17:35:35.170,8.67747,8.67972,1.13,1.50
2013.09.25 17:35:35.230,8.67748,8.67972,1.88,1.50
2013.09.25 17:35:37.190,8.67748,8.67993,1.13,1.50
2013.09.25 17:35:55.500,8.67723,8.67982,1.73,1.13
2013.09.25 17:35:59.590,8.67723,8.67948,1.13,1.35
2013.09.25 17:35:59.710,8.67712,8.67908,1.13,1.13
2013.09.25 17:35:59.771,8.67697,8.67907,1.13,2.63
2013.09.25 17:35:59.830,8.67702,8.67907,1.50,2.63
2013.09.25 17:36:00.070,8.67637,8.67902,1.13,3.23
2013.09.25 17:36:00.861,8.67622,8.6786,1.50,2.10
2013.09.25 17:36:01.220,8.67618,8.67853,3.53,1.73
2013.09.25 17:36:01.461,8.67618,8.67907,3.69,3.38
2013.09.25 17:36:01.700,8.67617,8.67927,2.17,1.13
2013.09.25 17:36:02.700,8.67618,8.67927,1.79,1.13
2013.09.25 17:36:04.610,8.67618,8.67863,1.79,2.10
2013.09.25 17:36:04.851,8.67617,8.67852,2.10,1.73
2013.09.25 17:36:06.145,8.67617,8.67852,2.10,1.73
2013.09.25 17:36:27.624,8.67627,8.67852,1.13,1.73
2013.09.25 17:36:27.980,8.67648,8.67852,1.13,1.73
2013.09.25 17:36:28.380,8.67661,8.67852,1.71,1.73
2013.09.25 17:36:28.501,8.67661,8.67863,1.71,3.23
2013.09.25 17:36:29.400,8.67661,8.67863,1.71,3.23
2013.09.25 17:36:29.520,8.67661,8.67892,2.84,3.23
2013.09.25 17:36:38.901,8.67661,8.67892,1.50,1.73
2013.09.25 17:36:59.411,8.67653,8.67892,1.71,1.73
2013.09.25 17:37:52.817,8.67648,8.67898,1.13,1.73
2013.09.25 17:38:14.439,8.67647,8.67897,1.73,1.13
2013.09.25 17:38:14.620,8.67658,8.6797,1.73,1.13
2013.09.25 17:38:14.681,8.67663,8.67902,1.13,1.35
2013.09.25 17:38:14.991,8.67673,8.67902,2.73,1.73
2013.09.25 17:38:15.110,8.67641,8.67902,2.48,1.13
2013.09.25 17:38:15.170,8.67648,8.67908,1.73,1.50
2013.09.25 17:38:15.230,8.67661,8.67917,1.73,1.50
2013.09.25 17:38:15.350,8.67661,8.67922,1.73,1.13
2013.09.25 17:38:15.470,8.67661,8.67992,1.73,1.73
2013.09.25 17:38:15.730,8.6769,8.68003,1.50,3.23
2013.09.25 17:38:16.330,8.67718,8.68003,2.10,3.23
2013.09.25 17:38:16.510,8.67733,8.68028,1.73,1.73
2013.09.25 17:38:21.039,8.67734,8.68014,1.13,2.48
2013.09.25 17:38:21.342,8.67721,8.68002,1.50,2.48
2013.09.25 17:38:23.211,8.67736,8.68014,1.13,2.48
2013.09.25 17:38:23.270,8.67736,8.68027,1.73,1.73
2013.09.25 17:38:27.701,8.67741,8.68007,1.73,1.73
2013.09.25 17:38:29.731,8.67741,8.68007,1.73,1.73
2013.09.25 17:38:32.341,8.67741,8.68008,1.73,1.73
2013.09.25 17:38:38.280,8.67741,8.68027,1.73,1.73
2013.09.25 17:38:39.171,8.67741,8.68012,1.73,1.73
2013.09.25 17:38:44.901,8.67741,8.68012,1.73,1.73
2013.09.25 17:39:19.352,8.6779,8.68018,2.48,1.73
2013.09.25 17:39:19.753,8.67811,8.68018,2.18,1.73
2013.09.25 17:39:20.110,8.67811,8.68018,2.18,1.73
2013.09.25 17:39:25.850,8.67811,8.68048,2.18,1.73
2013.09.25 17:39:46.093,8.6781,8.68049,1.50,2.48
2013.09.25 17:39:58.401,8.6781,8.68049,1.50,1.88
2013.09.25 17:39:58.521,8.67812,8.68052,1.13,1.73
2013.09.25 17:39:58.761,8.67807,8.68053,1.13,2.48
2013.09.25 17:39:59.182,8.67812,8.68053,1.50,2.48
2013.09.25 17:39:59.692,8.67812,8.68049,1.50,1.13
2013.09.25 17:40:00.021,8.67812,8.68049,1.50,1.13
2013.09.25 17:40:00.619,8.67804,8.68049,1.50,1.13
2013.09.25 17:40:01.450,8.67804,8.68049,1.50,1.13
2013.09.25 17:40:03.910,8.67817,8.68049,1.35,1.13
2013.09.25 17:40:04.092,8.67898,8.68132,1.13,1.13
2013.09.25 17:40:04.211,8.67928,8.68132,1.13,1.13
2013.09.25 17:40:04.334,8.67933,8.68147,1.50,1.13
2013.09.25 17:40:04.790,8.67958,8.68178,1.13,1.13
2013.09.25 17:40:04.970,8.67959,8.68178,1.50,1.13
2013.09.25 17:40:05.332,8.67988,8.68192,1.13,1.13
2013.09.25 17:40:05.391,8.67988,8.68192,1.13,1.13
2013.09.25 17:40:05.971,8.67991,8.68192,1.50,1.13
2013.09.25 17:40:06.091,8.67997,8.68223,1.88,1.13
2013.09.25 17:40:06.151,8.68016,8.68262,1.13,1.88
2013.09.25 17:40:06.211,8.68018,8.68262,1.13,1.88
2013.09.25 17:40:07.340,8.68028,8.68262,1.88,1.88
2013.09.25 17:40:08.849,8.68037,8.68262,2.18,1.88
2013.09.25 17:40:11.240,8.68037,8.68262,2.55,1.88
2013.09.25 17:40:11.301,8.6804,8.68262,2.85,1.88
2013.09.25 17:40:11.781,8.68037,8.68303,1.13,3.23
2013.09.25 17:40:11.842,8.68037,8.68215,1.13,2.10
2013.09.25 17:40:11.901,8.68001,8.68207,2.10,1.73
2013.09.25 17:40:12.087,8.67962,8.68203,1.65,1.73
2013.09.25 17:40:12.151,8.67958,8.68203,1.13,1.73
2013.09.25 17:40:14.071,8.67941,8.68178,1.13,1.13
2013.09.25 17:41:18.401,8.67942,8.68164,1.13,2.48
2013.09.25 17:41:18.709,8.6793,8.68162,1.50,1.73
2013.09.25 17:41:19.031,8.67917,8.68103,1.13,1.73
2013.09.25 17:41:19.091,8.67907,8.68103,1.02,1.73
2013.09.25 17:41:19.272,8.67908,8.68062,2.00,1.88
2013.09.25 17:41:19.392,8.6788,8.68062,2.64,1.88
2013.09.25 17:41:19.511,8.67865,8.68072,2.31,1.73
2013.09.25 17:41:19.571,8.67849,8.68072,1.70,1.73
2013.09.25 17:41:21.791,8.67847,8.68072,1.50,1.73
2013.09.25 17:41:22.458,8.67847,8.68072,1.50,1.73
2013.09.25 17:41:23.483,8.67847,8.68072,1.50,1.73
2013.09.25 17:41:24.715,8.67847,8.68072,1.50,1.73
2013.09.25 17:41:25.917,8.67847,8.68072,1.50,1.73
2013.09.25 17:41:26.781,8.67847,8.68072,1.50,1.73
2013.09.25 17:41:28.671,8.67847,8.68072,1.50,1.73
2013.09.25 17:41:29.638,8.67847,8.68053,1.50,1.13
2013.09.25 17:41:30.771,8.67842,8.68053,1.50,1.13
2013.09.25 17:41:31.661,8.67842,8.68072,1.50,1.73
2013.09.25 17:41:32.210,8.67842,8.68083,1.50,3.98
2013.09.25 17:41:32.751,8.67842,8.68083,1.50,3.98
2013.09.25 17:41:34.074,8.67843,8.68073,1.50,1.73
2013.09.25 17:41:34.686,8.67843,8.68073,1.50,1.73
2013.09.25 17:41:35.762,8.67843,8.68073,1.50,1.73
2013.09.25 17:41:37.020,8.67843,8.68073,1.50,2.48
2013.09.25 17:41:38.868,8.67843,8.68073,1.50,1.73
2013.09.25 17:41:46.660,8.67843,8.68073,1.50,1.73
2013.09.25 17:41:47.983,8.67843,8.68073,1.50,1.73
2013.09.25 17:41:49.602,8.67843,8.68073,1.50,1.73
2013.09.25 17:41:55.851,8.67843,8.68073,1.50,1.73
2013.09.25 17:41:56.662,8.67843,8.68073,1.50,1.73
2013.09.25 17:41:57.376,8.67843,8.68073,1.50,1.73
2013.09.25 17:41:58.920,8.67822,8.68073,1.83,1.73
2013.09.25 17:42:10.320,8.67807,8.6806,1.13,2.48
2013.09.25 17:42:10.381,8.67797,8.6806,1.13,2.48
2013.09.25 17:42:10.442,8.67788,8.6806,1.50,2.48
2013.09.25 17:42:10.681,8.67796,8.68052,1.50,1.73
2013.09.25 17:42:10.865,8.67796,8.68052,1.50,1.73
2013.09.25 17:42:11.831,8.67796,8.68052,1.50,1.73
2013.09.25 17:42:12.556,8.67796,8.68052,1.50,1.73
2013.09.25 17:42:13.219,8.67796,8.68052,1.50,1.73
2013.09.25 17:42:15.135,8.67796,8.68052,1.50,1.73
2013.09.25 17:42:15.661,8.67796,8.68052,1.13,1.73
2013.09.25 17:42:17.101,8.67797,8.68052,1.13,1.73
2013.09.25 17:42:17.221,8.67788,8.68053,1.50,1.73
2013.09.25 17:42:33.521,8.67788,8.68012,1.50,1.13
2013.09.25 17:42:33.581,8.67788,8.68012,1.50,1.13
2013.09.25 17:42:35.171,8.67757,8.68008,1.13,1.73
2013.09.25 17:42:40.047,8.67755,8.68008,1.13,1.73
2013.09.25 17:42:40.531,8.67728,8.68002,1.50,1.73
2013.09.25 17:42:40.771,8.67717,8.68002,1.13,1.73
2013.09.25 17:42:40.891,8.67704,8.68003,1.13,1.73
2013.09.25 17:43:16.021,8.6771,8.68003,1.13,1.73
2013.09.25 17:43:17.271,8.6771,8.68003,1.13,1.73
2013.09.25 17:44:07.601,8.67706,8.68003,1.13,1.73
2013.09.25 17:44:09.477,8.67727,8.68003,1.13,1.73
2013.09.25 17:44:10.324,8.67727,8.68002,1.13,1.73
2013.09.25 17:44:10.563,8.67727,8.68002,1.13,1.73
2013.09.25 17:44:14.401,8.67748,8.68014,1.50,2.48
2013.09.25 17:44:14.521,8.67755,8.68052,1.73,3.23
2013.09.25 17:44:52.591,8.67768,8.68038,1.73,1.73
2013.09.25 17:44:52.951,8.67733,8.68002,1.50,2.48
2013.09.25 17:44:53.011,8.67718,8.68002,1.13,2.48
2013.09.25 17:44:53.071,8.67705,8.68002,1.13,2.48
2013.09.25 17:45:04.241,8.67718,8.68002,1.13,3.23
2013.09.25 17:45:06.951,8.67704,8.68002,1.13,3.23
2013.09.25 17:46:13.171,8.67718,8.68002,1.13,1.73
2013.09.25 17:46:15.762,8.67757,8.68009,1.13,1.73
2013.09.25 17:46:19.852,8.67747,8.68009,1.13,1.73
2013.09.25 17:46:23.392,8.67747,8.68003,1.13,1.73
2013.09.25 17:46:43.112,8.67772,8.6801,1.71,2.48
2013.09.25 17:46:43.411,8.67778,8.6801,1.13,2.48
2013.09.25 17:46:46.271,8.67777,8.68028,1.13,1.73
2013.09.25 17:47:14.781,8.67778,8.68029,1.13,1.73
2013.09.25 17:47:24.482,8.67777,8.68029,1.13,3.23
2013.09.25 17:47:46.992,8.67778,8.68039,1.13,1.73
2013.09.25 17:50:09.757,8.67798,8.68037,1.13,1.35
2013.09.25 17:51:12.378,8.67768,8.68037,1.73,1.35
2013.09.25 17:52:05.046,8.67798,8.68043,1.13,1.73
2013.09.25 17:52:13.343,8.67798,8.68043,1.13,1.73
2013.09.25 17:52:47.567,8.67796,8.68039,1.50,1.35
2013.09.25 17:52:59.162,8.67796,8.68039,1.50,1.35
2013.09.25 17:53:15.247,8.67779,8.68039,1.50,1.35
2013.09.25 17:53:23.564,8.67781,8.68039,1.13,1.35
2013.09.25 17:53:24.311,8.67797,8.68049,1.13,3.23
2013.09.25 17:53:24.782,8.67797,8.68049,1.13,3.23
2013.09.25 17:53:36.103,8.67808,8.68048,1.50,1.73
2013.09.25 17:53:36.162,8.67808,8.68048,1.50,1.35
2013.09.25 17:53:36.282,8.67826,8.68054,1.13,2.48
2013.09.25 17:53:36.642,8.67818,8.68048,1.88,1.73
2013.09.25 17:53:37.672,8.67819,8.68049,1.13,1.73
2013.09.25 17:53:37.733,8.67819,8.68049,1.88,1.73
2013.09.25 17:53:38.043,8.67817,8.68049,1.50,1.73
2013.09.25 17:54:00.853,8.67799,8.68049,1.50,1.73
2013.09.25 17:54:03.043,8.67799,8.68049,1.50,1.35
2013.09.25 17:54:03.102,8.67799,8.68049,1.50,1.35
2013.09.25 17:54:03.162,8.67799,8.68049,1.50,1.73
2013.09.25 17:54:03.282,8.67826,8.68055,1.13,2.48
2013.09.25 17:54:03.402,8.67825,8.68074,1.13,1.35
2013.09.25 17:54:04.731,8.67837,8.68088,1.13,1.73
2013.09.25 17:54:05.694,8.67837,8.68088,1.13,1.73
2013.09.25 17:54:14.054,8.67837,8.68088,1.13,1.73
2013.09.25 17:54:14.412,8.67847,8.68089,1.13,2.48
2013.09.25 17:54:15.722,8.67847,8.68089,1.13,2.48
2013.09.25 17:54:24.834,8.67847,8.68089,1.13,2.48
2013.09.25 17:54:25.412,8.6785,8.68089,1.50,2.48
2013.09.25 17:54:25.653,8.67847,8.68089,1.88,2.48
2013.09.25 17:54:25.712,8.6785,8.68102,1.73,1.13
2013.09.25 17:54:25.892,8.67898,8.68104,1.13,2.48
2013.09.25 17:54:26.072,8.67848,8.68103,1.88,3.23
2013.09.25 17:54:26.191,8.67885,8.68103,1.13,3.23
2013.09.25 17:54:26.252,8.67885,8.68102,1.13,1.13
2013.09.25 17:54:27.352,8.67885,8.68099,3.23,1.13
2013.09.25 17:54:27.652,8.67938,8.68181,1.13,1.73
2013.09.25 17:54:35.432,8.68005,8.68181,2.78,1.73
2013.09.25 17:54:35.552,8.68016,8.68223,1.13,1.13
2013.09.25 17:54:35.612,8.68017,8.68223,1.13,1.13
2013.09.25 17:54:35.731,8.68024,8.68223,2.25,1.13
2013.09.25 17:54:36.033,8.68088,8.68292,1.13,1.13
2013.09.25 17:54:36.092,8.68088,8.68338,1.13,1.73
2013.09.25 17:54:36.212,8.6809,8.68338,1.13,1.73
2013.09.25 17:54:36.723,8.6809,8.68346,1.13,2.48
2013.09.25 17:54:43.728,8.68087,8.68343,1.13,1.73
2013.09.25 17:54:44.422,8.68083,8.68318,1.88,1.73
2013.09.25 17:54:44.752,8.68067,8.68273,1.13,1.13
2013.09.25 17:54:44.932,8.68067,8.68273,1.13,1.13
2013.09.25 17:54:45.622,8.68068,8.68273,1.35,1.13
2013.09.25 17:54:45.982,8.68168,8.68413,1.13,1.13
2013.09.25 17:54:46.522,8.6817,8.68422,1.13,1.13
2013.09.25 17:54:47.662,8.6818,8.68422,2.48,1.13
2013.09.25 17:54:47.722,8.68187,8.68422,1.13,1.13
2013.09.25 17:54:48.082,8.6819,8.68452,1.13,1.88
2013.09.25 17:54:48.822,8.68183,8.68452,1.88,1.88
2013.09.25 17:54:48.942,8.68194,8.68452,1.13,1.50
2013.09.25 17:54:49.003,8.68253,8.68452,2.78,1.50
2013.09.25 17:54:49.122,8.68253,8.68522,2.63,1.88
2013.09.25 17:54:49.183,8.68253,8.68512,1.50,2.03
2013.09.25 17:54:49.542,8.68276,8.68512,1.50,2.93
2013.09.25 17:54:49.922,8.68339,8.68512,1.58,2.93
2013.09.25 17:54:49.983,8.68339,8.68593,1.58,2.18
2013.09.25 17:54:50.102,8.6835,8.68593,1.50,2.18
2013.09.25 17:54:50.462,8.68354,8.68592,1.50,2.85
2013.09.25 17:54:50.755,8.68353,8.68615,1.50,2.18
2013.09.25 17:54:50.813,8.68352,8.68615,1.50,2.18
2013.09.25 17:54:50.992,8.68338,8.68643,1.13,2.70
2013.09.25 17:54:51.052,8.68357,8.68643,1.13,2.70
2013.09.25 17:54:51.183,8.68357,8.68647,1.13,1.88
2013.09.25 17:54:51.422,8.68366,8.68653,1.13,1.13
2013.09.25 17:54:52.092,8.68367,8.68653,1.13,1.13
2013.09.25 17:54:52.512,8.68367,8.68703,1.13,2.25
2013.09.25 17:54:52.572,8.68368,8.68713,1.13,2.54
2013.09.25 17:54:52.633,8.68417,8.68713,1.50,2.54
2013.09.25 17:54:52.692,8.68417,8.68723,1.88,1.65
2013.09.25 17:54:52.752,8.68417,8.68716,1.88,1.80
2013.09.25 17:54:53.062,8.68446,8.68722,1.50,1.88
2013.09.25 17:54:53.632,8.68643,8.68822,1.50,1.88
2013.09.25 17:54:53.733,8.68797,8.6885,9.81,1.50
2013.09.25 17:54:53.802,8.68815,8.6904,13.15,2.25
2013.09.25 17:54:53.982,8.68797,8.68955,2.25,2.10
2013.09.25 17:54:54.043,8.68643,8.68955,2.25,2.10
2013.09.25 17:54:54.103,8.68631,8.68955,1.50,2.10
2013.09.25 17:54:54.162,8.68661,8.68955,2.25,2.10
2013.09.25 17:54:54.342,8.6863,8.68955,1.50,2.10
2013.09.25 17:54:54.822,8.68631,8.68993,1.50,2.25
2013.09.25 17:54:55.072,8.68631,8.68993,1.50,2.25
2013.09.25 17:54:55.431,8.6866,8.68973,1.13,1.13
2013.09.25 17:54:55.732,8.6864,8.68712,1.50,1.13
2013.09.25 17:54:55.852,8.68519,8.68712,1.50,1.13
2013.09.25 17:54:56.535,8.68442,8.68712,1.73,1.88
2013.09.25 17:54:56.793,8.68442,8.6867,1.13,2.10
2013.09.25 17:54:57.092,8.68408,8.68662,2.25,1.73
2013.09.25 17:54:57.155,8.68397,8.68662,1.13,1.73
2013.09.25 17:54:57.223,8.68395,8.68662,1.13,1.73
2013.09.25 17:54:57.973,8.68348,8.68624,1.35,1.13
2013.09.25 17:54:58.032,8.68347,8.68624,1.50,1.13
2013.09.25 17:54:58.332,8.68338,8.68561,1.13,2.48
2013.09.25 17:54:58.452,8.68281,8.68552,1.13,1.73
2013.09.25 17:54:59.163,8.68247,8.68552,1.13,1.73
2013.09.25 17:55:01.382,8.68277,8.68552,1.13,1.73
2013.09.25 17:55:01.563,8.68333,8.68598,1.13,2.48
2013.09.25 17:55:03.952,8.68314,8.68553,1.13,1.73
2013.09.25 17:55:04.012,8.68287,8.68553,1.13,1.73
2013.09.25 17:55:04.072,8.6828,8.68553,1.13,1.73
2013.09.25 17:55:06.172,8.68269,8.68482,1.13,1.50
2013.09.25 17:55:07.094,8.68248,8.68463,1.13,1.13
2013.09.25 17:55:07.312,8.68248,8.68463,1.13,1.13
2013.09.25 17:55:07.372,8.68257,8.68463,1.13,1.13
2013.09.25 17:55:08.614,8.68257,8.68463,1.13,1.13
2013.09.25 17:55:08.994,8.68257,8.68463,1.13,1.13
2013.09.25 17:55:09.432,8.68278,8.68482,1.13,1.13
2013.09.25 17:55:10.144,8.68278,8.68482,1.13,1.13
2013.09.25 17:55:10.654,8.68278,8.68482,1.13,1.13
2013.09.25 17:55:10.873,8.68278,8.68482,1.13,1.13
2013.09.25 17:55:12.578,8.68278,8.68482,1.13,1.13
2013.09.25 17:55:13.822,8.68278,8.68482,1.13,1.13
2013.09.25 17:55:14.182,8.68258,8.68462,1.13,1.13
2013.09.25 17:55:14.493,8.68258,8.68462,1.13,1.13
2013.09.25 17:55:15.764,8.68258,8.68462,1.13,1.13
2013.09.25 17:55:19.365,8.68258,8.68462,1.13,1.13
2013.09.25 17:55:20.036,8.68277,8.68483,1.13,1.13
2013.09.25 17:55:20.732,8.68277,8.68483,1.13,1.13
2013.09.25 17:55:21.594,8.68277,8.68483,1.13,1.13
2013.09.25 17:55:22.870,8.68267,8.68483,1.13,1.13
2013.09.25 17:55:24.394,8.68277,8.68483,1.13,1.13
2013.09.25 17:55:24.624,8.68267,8.68483,1.13,1.13
2013.09.25 17:55:25.379,8.68267,8.68483,1.13,1.13
2013.09.25 17:55:25.564,8.68277,8.68483,1.13,1.13
2013.09.25 17:55:27.533,8.68277,8.68483,1.13,1.13
2013.09.25 17:55:32.402,8.68248,8.68483,1.13,1.13
2013.09.25 17:56:02.234,8.68248,8.68483,1.73,1.13
2013.09.25 17:56:08.484,8.6826,8.68518,1.73,1.50
2013.09.25 17:56:09.772,8.68291,8.68518,1.13,1.50
2013.09.25 17:56:10.845,8.68291,8.68544,1.13,1.50
2013.09.25 17:56:15.262,8.68297,8.68518,1.13,1.50
2013.09.25 17:56:15.601,8.68297,8.68518,1.13,1.50
2013.09.25 17:56:18.385,8.68297,8.68518,1.13,1.50
2013.09.25 17:56:18.924,8.6832,8.68544,2.48,1.50
2013.09.25 17:56:19.884,8.68327,8.68544,1.73,1.50
2013.09.25 17:56:28.902,8.68357,8.68544,1.13,1.50
2013.09.25 17:56:47.404,8.68397,8.68544,1.13,1.50
2013.09.25 17:56:47.526,8.68397,8.68554,1.13,1.50
2013.09.25 17:56:47.636,8.68397,8.68652,1.13,1.73
2013.09.25 17:56:47.857,8.68388,8.68652,1.13,1.73
2013.09.25 17:57:15.212,8.68346,8.68652,2.48,1.73
2013.09.25 17:57:19.004,8.68388,8.68652,1.13,1.73
2013.09.25 17:57:19.486,8.68397,8.68652,1.50,1.73
2013.09.25 17:57:20.453,8.68397,8.68652,1.50,1.73
2013.09.25 17:57:56.624,8.68388,8.68652,1.13,1.73
2013.09.25 17:57:57.331,8.68337,8.68652,1.73,1.73
2013.09.25 17:59:43.372,8.6832,8.68647,1.13,2.10
2013.09.25 17:59:44.783,8.68277,8.68583,1.88,1.13
2013.09.25 17:59:47.993,8.68278,8.68613,1.13,2.48
2013.09.25 17:59:49.442,8.68288,8.68613,1.13,3.23
2013.09.25 17:59:49.743,8.68275,8.68572,1.13,1.13
2013.09.25 17:59:50.632,8.68276,8.68573,1.13,1.13
2013.09.25 17:59:53.936,8.68275,8.68572,1.13,1.13
2013.09.25 17:59:55.472,8.68275,8.68602,1.13,1.13
