2018.04.09 06:00:00.025,10.29256,10.29597,1.00,1.00
2018.04.09 06:00:00.475,10.29274,10.29593,1.00,1.00
2018.04.09 06:00:01.543,10.29292,10.29593,1.00,1.00
2018.04.09 06:00:02.063,10.29319,10.29593,1.00,1.00
2018.04.09 06:00:02.329,10.29312,10.29593,1.00,1.00
2018.04.09 06:00:03.103,10.29324,10.29593,1.00,1.00
2018.04.09 06:00:04.315,10.29311,10.29593,1.00,1.00
2018.04.09 06:00:05.402,10.29304,10.29593,1.00,1.00
2018.04.09 06:00:08.472,10.29363,10.296,1.00,1.00
2018.04.09 06:00:08.523,10.29346,10.29612,1.50,1.00
2018.04.09 06:00:08.575,10.29327,10.29612,1.00,1.00
2018.04.09 06:00:08.677,10.29327,10.29592,1.00,1.00
2018.04.09 06:00:09.667,10.29327,10.29597,1.00,1.00
2018.04.09 06:00:12.106,10.29303,10.29597,1.00,1.00
2018.04.09 06:00:12.207,10.29301,10.29597,1.00,1.00
2018.04.09 06:00:16.085,10.29319,10.29597,1.00,1.00
2018.04.09 06:00:18.008,10.29325,10.29597,1.00,1.00
2018.04.09 06:00:25.585,10.29325,10.29599,1.00,1.00
2018.04.09 06:00:27.122,10.29344,10.29597,1.00,1.00
2018.04.09 06:00:32.361,10.29331,10.29596,1.00,1.00
2018.04.09 06:00:33.183,10.29329,10.29596,1.00,1.00
2018.04.09 06:00:46.768,10.2932,10.29585,1.00,1.00
2018.04.09 06:00:47.392,10.29309,10.29584,1.00,1.00
2018.04.09 06:00:48.215,10.29307,10.29583,1.00,1.00
2018.04.09 06:00:58.206,10.29307,10.29567,1.00,1.00
2018.04.09 06:00:59.269,10.29309,10.29565,1.00,1.00
2018.04.09 06:01:02.421,10.29307,10.29562,1.00,1.00
2018.04.09 06:01:03.196,10.29307,10.2956,1.00,1.00
2018.04.09 06:01:04.277,10.29307,10.29536,1.00,1.00
2018.04.09 06:01:06.340,10.29306,10.29559,1.00,1.00
2018.04.09 06:01:06.906,10.29307,10.29536,1.00,1.00
2018.04.09 06:01:17.502,10.29307,10.29535,1.00,1.00
2018.04.09 06:01:29.716,10.293,10.29521,1.00,1.00
2018.04.09 06:01:29.768,10.29291,10.29545,1.00,1.00
2018.04.09 06:01:31.277,10.29256,10.29512,1.37,1.00
2018.04.09 06:01:31.878,10.29256,10.29512,1.00,1.00
2018.04.09 06:01:31.929,10.29246,10.295,1.00,1.00
2018.04.09 06:01:32.262,10.29229,10.29496,1.37,1.00
2018.04.09 06:01:32.571,10.29213,10.2945,1.00,1.00
2018.04.09 06:01:32.889,10.29194,10.29442,1.00,1.00
2018.04.09 06:01:33.969,10.29189,10.29426,1.00,1.00
2018.04.09 06:01:34.021,10.29176,10.29416,1.00,1.00
2018.04.09 06:01:35.021,10.2918,10.294,1.00,1.00
2018.04.09 06:01:35.355,10.29169,10.2939,1.00,1.00
2018.04.09 06:01:37.380,10.29159,10.29379,1.00,1.00
2018.04.09 06:01:41.749,10.29147,10.29348,1.00,1.00
2018.04.09 06:01:41.800,10.29121,10.29343,1.00,1.00
2018.04.09 06:01:42.750,10.29129,10.29326,1.00,1.00
2018.04.09 06:01:47.512,10.29119,10.29329,1.00,1.00
2018.04.09 06:01:48.299,10.29124,10.29316,1.00,1.00
2018.04.09 06:01:53.127,10.29118,10.2931,1.00,1.00
2018.04.09 06:01:57.916,10.29122,10.29391,1.00,1.00
2018.04.09 06:02:00.060,10.29149,10.29404,1.00,1.00
2018.04.09 06:02:00.118,10.29155,10.29414,1.00,1.50
2018.04.09 06:02:00.389,10.29176,10.29392,1.00,1.00
2018.04.09 06:02:01.145,10.29173,10.29414,1.00,1.00
2018.04.09 06:02:01.259,10.29177,10.29392,1.00,1.00
2018.04.09 06:02:01.312,10.29171,10.29414,1.00,1.00
2018.04.09 06:02:01.414,10.29176,10.29392,1.00,1.00
2018.04.09 06:02:01.937,10.29175,10.29392,1.00,1.00
2018.04.09 06:02:02.699,10.29174,10.29391,1.00,1.00
2018.04.09 06:02:03.257,10.29173,10.29391,1.00,1.00
2018.04.09 06:02:03.978,10.29178,10.29391,1.00,1.00
2018.04.09 06:02:04.349,10.29183,10.29375,1.00,1.00
2018.04.09 06:02:05.396,10.29157,10.29411,1.00,1.00
2018.04.09 06:02:06.553,10.29163,10.29409,1.00,1.00
2018.04.09 06:02:07.481,10.29164,10.29407,1.00,1.00
2018.04.09 06:02:08.531,10.29163,10.29405,1.00,1.00
2018.04.09 06:02:11.566,10.29147,10.294,1.00,1.00
2018.04.09 06:02:12.701,10.29162,10.29368,1.00,1.00
2018.04.09 06:02:12.752,10.29162,10.29398,1.00,1.00
2018.04.09 06:02:12.905,10.29162,10.29368,1.00,1.00
2018.04.09 06:02:13.165,10.2916,10.29397,1.00,1.00
2018.04.09 06:02:13.217,10.29164,10.29368,1.00,1.00
2018.04.09 06:02:13.882,10.29161,10.29368,1.00,1.00
2018.04.09 06:02:14.339,10.29156,10.29396,1.00,1.00
2018.04.09 06:02:16.496,10.29177,10.29369,1.00,1.00
2018.04.09 06:02:16.844,10.29172,10.29364,1.00,1.00
2018.04.09 06:02:17.110,10.29171,10.29392,1.00,1.00
2018.04.09 06:02:17.606,10.29171,10.29363,1.00,1.00
2018.04.09 06:02:17.802,10.29168,10.29391,1.00,1.00
2018.04.09 06:02:18.042,10.29148,10.29391,1.00,1.00
2018.04.09 06:02:24.762,10.29135,10.29381,1.00,1.00
2018.04.09 06:02:25.112,10.29106,10.29329,1.00,1.87
2018.04.09 06:02:25.441,10.29066,10.29261,1.00,1.00
2018.04.09 06:02:25.860,10.29057,10.29249,1.00,1.00
2018.04.09 06:02:25.963,10.29091,10.29315,1.00,1.00
2018.04.09 06:02:26.015,10.2915,10.29315,1.00,1.00
2018.04.09 06:02:26.067,10.29167,10.29334,1.00,1.00
2018.04.09 06:02:26.222,10.29167,10.29361,1.00,1.00
2018.04.09 06:02:29.114,10.29163,10.29355,1.00,1.00
2018.04.09 06:02:30.639,10.29153,10.29373,1.00,1.25
2018.04.09 06:02:30.741,10.29161,10.29353,1.00,1.00
2018.04.09 06:02:32.602,10.29164,10.29356,1.00,1.00
2018.04.09 06:02:38.988,10.29173,10.29414,1.00,1.00
2018.04.09 06:02:39.039,10.2921,10.29424,1.00,1.00
2018.04.09 06:02:39.347,10.2921,10.29422,1.00,1.00
2018.04.09 06:02:39.655,10.29179,10.29372,1.00,1.00
2018.04.09 06:02:39.880,10.29142,10.2937,1.00,1.00
2018.04.09 06:02:39.984,10.29122,10.2937,1.00,1.00
2018.04.09 06:02:40.458,10.29103,10.29369,1.00,1.00
2018.04.09 06:02:41.932,10.29103,10.29346,1.00,1.00
2018.04.09 06:02:43.454,10.29117,10.29362,1.00,1.00
2018.04.09 06:02:46.435,10.29103,10.29352,1.00,1.00
2018.04.09 06:02:46.486,10.29063,10.29336,1.37,1.00
2018.04.09 06:02:46.538,10.29084,10.29295,1.00,1.00
2018.04.09 06:02:46.860,10.29045,10.29267,1.00,1.00
2018.04.09 06:02:47.064,10.29039,10.29243,1.00,1.00
2018.04.09 06:02:47.114,10.29029,10.29241,1.00,1.00
2018.04.09 06:02:47.319,10.29019,10.29269,1.00,1.00
2018.04.09 06:02:47.371,10.29027,10.29228,1.00,1.00
2018.04.09 06:02:48.443,10.29026,10.29218,1.00,1.00
2018.04.09 06:02:51.706,10.29006,10.29216,1.00,1.00
2018.04.09 06:02:51.808,10.29005,10.29207,1.00,1.00
2018.04.09 06:02:52.228,10.29019,10.29213,1.00,1.00
2018.04.09 06:02:52.279,10.29006,10.29204,1.00,1.00
2018.04.09 06:02:53.811,10.29011,10.29226,1.00,1.00
2018.04.09 06:02:53.864,10.29007,10.29226,1.00,1.00
2018.04.09 06:02:53.967,10.29006,10.29198,1.00,1.00
2018.04.09 06:02:54.517,10.29005,10.29197,1.00,1.00
2018.04.09 06:02:56.003,10.29003,10.29195,1.00,1.00
2018.04.09 06:02:56.107,10.28999,10.2923,1.00,1.00
2018.04.09 06:02:56.163,10.29,10.29193,1.00,1.00
2018.04.09 06:03:00.262,10.29001,10.29194,1.00,1.00
2018.04.09 06:03:00.313,10.29001,10.29282,1.00,1.50
2018.04.09 06:03:00.518,10.29018,10.2921,1.00,1.00
2018.04.09 06:03:00.884,10.29006,10.29198,1.00,1.00
2018.04.09 06:03:01.864,10.29107,10.29295,1.00,1.00
2018.04.09 06:03:01.916,10.29101,10.29332,1.00,1.00
2018.04.09 06:03:01.968,10.29087,10.29296,1.00,1.00
2018.04.09 06:03:02.019,10.29071,10.29286,1.00,1.00
2018.04.09 06:03:02.071,10.29051,10.29274,1.37,1.00
2018.04.09 06:03:02.122,10.29051,10.29274,1.00,1.00
2018.04.09 06:03:02.303,10.29049,10.29297,1.00,1.00
2018.04.09 06:03:03.482,10.29049,10.29293,1.00,1.00
2018.04.09 06:03:03.879,10.29051,10.29314,1.00,1.00
2018.04.09 06:03:04.624,10.29051,10.29314,1.37,1.00
2018.04.09 06:03:04.799,10.29051,10.29314,1.00,1.00
2018.04.09 06:03:06.820,10.29075,10.2927,1.00,1.00
2018.04.09 06:03:06.872,10.29067,10.29296,1.00,1.00
2018.04.09 06:03:06.974,10.29054,10.2927,1.00,1.00
2018.04.09 06:03:07.128,10.29076,10.29314,1.00,1.00
2018.04.09 06:03:07.180,10.29076,10.29272,1.00,1.00
2018.04.09 06:03:07.334,10.29051,10.29322,1.00,1.00
2018.04.09 06:03:07.385,10.29051,10.29296,1.00,1.00
2018.04.09 06:03:08.082,10.29048,10.29275,1.00,1.00
2018.04.09 06:03:09.211,10.29063,10.29295,1.00,1.00
2018.04.09 06:03:09.486,10.29067,10.2931,1.00,1.00
2018.04.09 06:03:10.197,10.29064,10.2927,1.00,1.00
2018.04.09 06:03:10.248,10.2905,10.2927,1.00,1.00
2018.04.09 06:03:10.733,10.2905,10.2931,1.00,1.00
2018.04.09 06:03:11.241,10.2905,10.2927,1.00,1.00
2018.04.09 06:03:12.892,10.29049,10.29322,1.00,1.00
2018.04.09 06:03:13.166,10.29049,10.2927,1.00,1.00
2018.04.09 06:03:13.938,10.2905,10.29293,1.00,1.00
2018.04.09 06:03:14.344,10.2905,10.29266,1.00,1.00
2018.04.09 06:03:14.395,10.2905,10.29292,1.00,1.00
2018.04.09 06:03:14.978,10.29049,10.29292,1.00,1.00
2018.04.09 06:03:15.029,10.29044,10.29266,1.00,1.00
2018.04.09 06:03:15.135,10.29044,10.29293,1.00,1.00
2018.04.09 06:03:15.239,10.29044,10.2927,1.00,1.00
2018.04.09 06:03:15.291,10.29044,10.29292,1.00,1.00
2018.04.09 06:03:15.731,10.29064,10.29291,1.00,1.00
2018.04.09 06:03:16.066,10.29095,10.29287,1.00,1.00
2018.04.09 06:03:16.117,10.29109,10.29313,1.00,1.00
2018.04.09 06:03:16.405,10.29103,10.29295,1.00,1.00
2018.04.09 06:03:16.561,10.29104,10.29345,1.00,1.00
2018.04.09 06:03:16.663,10.29109,10.2933,1.00,1.00
2018.04.09 06:03:17.587,10.29105,10.29298,1.00,1.00
2018.04.09 06:03:22.541,10.29088,10.29316,1.00,1.00
2018.04.09 06:03:22.592,10.29105,10.29298,1.00,1.00
2018.04.09 06:03:27.816,10.29105,10.29288,1.00,1.00
2018.04.09 06:03:27.867,10.29094,10.29286,1.00,1.00
2018.04.09 06:03:27.919,10.29069,10.29281,1.00,1.00
2018.04.09 06:03:28.439,10.29069,10.29265,1.00,1.00
2018.04.09 06:03:29.868,10.29051,10.29254,1.00,1.00
2018.04.09 06:03:30.001,10.29031,10.29254,1.00,1.00
2018.04.09 06:03:30.053,10.29016,10.2925,1.42,1.00
2018.04.09 06:03:30.529,10.29016,10.2924,1.05,1.00
2018.04.09 06:03:31.187,10.29016,10.29232,1.05,1.00
2018.04.09 06:03:31.621,10.29016,10.29215,1.05,1.00
2018.04.09 06:03:32.543,10.29016,10.29233,1.05,1.00
2018.04.09 06:03:32.597,10.29016,10.29254,1.46,1.00
2018.04.09 06:03:32.701,10.29046,10.29283,1.00,1.00
2018.04.09 06:03:32.805,10.2908,10.29272,1.00,1.00
2018.04.09 06:03:32.857,10.29093,10.29311,1.00,1.00
2018.04.09 06:03:32.909,10.29082,10.29321,1.00,1.00
2018.04.09 06:03:32.962,10.29171,10.29363,1.00,1.00
2018.04.09 06:03:33.217,10.29147,10.29342,1.00,1.00
2018.04.09 06:03:34.807,10.29137,10.29332,1.00,1.00
2018.04.09 06:03:35.276,10.29103,10.29323,1.00,1.00
2018.04.09 06:03:35.327,10.29126,10.29323,1.00,1.00
2018.04.09 06:03:36.858,10.29125,10.2933,1.00,1.00
2018.04.09 06:03:37.995,10.29176,10.29382,1.00,1.00
2018.04.09 06:03:38.046,10.29176,10.29408,1.00,1.00
2018.04.09 06:03:38.301,10.29183,10.29424,1.00,1.00
2018.04.09 06:03:38.353,10.29184,10.29444,1.00,1.00
2018.04.09 06:03:38.405,10.29175,10.29427,1.00,1.00
2018.04.09 06:03:38.612,10.29155,10.29425,1.12,1.00
2018.04.09 06:03:38.823,10.29154,10.29404,1.37,1.00
2018.04.09 06:03:39.469,10.29154,10.29404,1.00,1.00
2018.04.09 06:03:39.777,10.29137,10.29375,1.00,1.00
2018.04.09 06:03:43.350,10.29146,10.29375,1.00,1.00
2018.04.09 06:03:44.241,10.29137,10.29375,1.00,1.00
2018.04.09 06:03:44.548,10.29219,10.29425,1.00,1.00
2018.04.09 06:03:44.849,10.29229,10.29435,1.00,1.00
2018.04.09 06:03:44.901,10.29239,10.29454,1.00,1.00
2018.04.09 06:03:44.953,10.29212,10.29459,1.00,1.00
2018.04.09 06:03:45.005,10.29202,10.29445,1.00,1.00
2018.04.09 06:03:45.313,10.29194,10.29422,1.00,1.00
2018.04.09 06:03:46.759,10.29183,10.29439,1.00,1.00
2018.04.09 06:03:47.586,10.29187,10.29418,1.00,1.00
2018.04.09 06:03:47.888,10.29187,10.29395,1.00,1.00
2018.04.09 06:03:48.576,10.29182,10.29396,1.00,1.00
2018.04.09 06:03:50.869,10.29182,10.29434,1.00,1.00
2018.04.09 06:03:56.701,10.29185,10.29415,1.00,1.00
2018.04.09 06:03:58.767,10.29175,10.29427,1.00,1.00
2018.04.09 06:03:58.818,10.29175,10.29427,1.37,1.00
2018.04.09 06:03:59.570,10.29175,10.29427,1.00,1.00
2018.04.09 06:03:59.700,10.29182,10.29411,1.00,1.00
2018.04.09 06:04:02.789,10.29179,10.29392,1.00,1.00
2018.04.09 06:04:03.557,10.29175,10.29396,1.00,1.00
2018.04.09 06:04:06.713,10.29132,10.2935,1.00,1.00
2018.04.09 06:04:06.833,10.2907,10.2934,1.00,1.00
2018.04.09 06:04:06.884,10.29109,10.29355,1.00,1.00
2018.04.09 06:04:07.209,10.29096,10.29319,1.00,1.00
2018.04.09 06:04:09.256,10.2912,10.29363,1.00,1.00
2018.04.09 06:04:09.579,10.29132,10.29353,1.00,1.00
2018.04.09 06:04:10.686,10.29128,10.29335,1.00,1.00
2018.04.09 06:04:11.001,10.29117,10.29324,1.00,1.00
2018.04.09 06:04:11.052,10.29104,10.29337,1.00,1.00
2018.04.09 06:04:15.753,10.291,10.29353,1.00,1.00
2018.04.09 06:04:15.856,10.291,10.29356,1.00,1.00
2018.04.09 06:04:16.213,10.29124,10.2933,1.00,1.00
2018.04.09 06:04:17.841,10.29119,10.29326,1.00,1.00
2018.04.09 06:04:18.586,10.29123,10.2933,1.00,1.00
2018.04.09 06:04:22.180,10.2913,10.29337,1.00,1.00
2018.04.09 06:04:25.117,10.2912,10.29326,1.00,1.00
2018.04.09 06:04:32.890,10.29124,10.2933,1.00,1.00
2018.04.09 06:04:47.872,10.29124,10.29332,1.00,1.00
2018.04.09 06:04:48.647,10.29124,10.29331,1.00,1.00
2018.04.09 06:04:52.839,10.29135,10.29342,1.00,1.00
2018.04.09 06:04:53.147,10.29211,10.29414,1.00,1.00
2018.04.09 06:04:54.696,10.29211,10.29417,1.00,1.00
2018.04.09 06:04:57.837,10.29207,10.294,1.00,1.00
2018.04.09 06:04:57.991,10.2919,10.29384,1.00,1.00
2018.04.09 06:04:58.043,10.29149,10.29364,1.37,1.00
2018.04.09 06:04:58.094,10.29149,10.29364,1.00,1.00
2018.04.09 06:04:59.881,10.29161,10.29357,1.00,1.00
2018.04.09 06:05:02.121,10.29151,10.29343,1.00,1.00
2018.04.09 06:05:02.952,10.29148,10.29342,1.00,1.00
2018.04.09 06:05:03.725,10.29154,10.29346,1.00,1.00
2018.04.09 06:05:04.175,10.29166,10.2937,1.00,1.00
2018.04.09 06:05:05.567,10.29168,10.29404,1.00,1.00
2018.04.09 06:05:05.670,10.29168,10.29383,1.00,1.00
2018.04.09 06:05:05.976,10.29166,10.29362,1.00,1.00
2018.04.09 06:05:06.963,10.29151,10.29355,1.00,1.00
2018.04.09 06:05:07.769,10.29147,10.29339,1.00,1.00
2018.04.09 06:05:09.763,10.29167,10.2937,1.00,1.00
2018.04.09 06:05:09.814,10.29168,10.29387,1.00,1.00
2018.04.09 06:05:09.866,10.29156,10.29372,1.00,1.00
2018.04.09 06:05:09.917,10.29163,10.29388,1.00,1.00
2018.04.09 06:05:09.969,10.2916,10.29362,1.00,1.00
2018.04.09 06:05:10.021,10.29143,10.29353,1.00,1.00
2018.04.09 06:05:10.136,10.29148,10.29352,1.00,1.00
2018.04.09 06:05:12.920,10.29146,10.29338,1.00,1.00
2018.04.09 06:05:14.986,10.29124,10.29341,1.00,1.00
2018.04.09 06:05:16.479,10.29126,10.29318,1.00,1.00
2018.04.09 06:05:16.581,10.29144,10.29365,1.00,1.00
2018.04.09 06:05:16.633,10.29162,10.29359,1.00,1.00
2018.04.09 06:05:16.980,10.29153,10.29347,1.00,1.00
2018.04.09 06:05:17.788,10.29136,10.29328,1.00,1.00
2018.04.09 06:05:18.397,10.29144,10.29366,1.00,1.00
2018.04.09 06:05:18.449,10.29195,10.29387,1.00,1.00
2018.04.09 06:05:18.551,10.29205,10.29399,1.00,1.00
2018.04.09 06:05:18.704,10.29198,10.29415,1.00,1.00
2018.04.09 06:05:20.375,10.29218,10.29418,1.00,1.00
2018.04.09 06:05:20.426,10.29229,10.29452,1.00,1.00
2018.04.09 06:05:20.531,10.29205,10.29461,1.00,1.00
2018.04.09 06:05:20.582,10.29207,10.29437,1.00,1.00
2018.04.09 06:05:20.891,10.29209,10.29415,1.00,1.00
2018.04.09 06:05:21.364,10.29204,10.29396,1.00,1.00
2018.04.09 06:05:22.836,10.29168,10.29384,1.00,1.00
2018.04.09 06:05:22.887,10.29194,10.29388,1.00,1.00
2018.04.09 06:05:25.683,10.29151,10.29381,1.00,1.00
2018.04.09 06:05:28.923,10.29243,10.29435,1.00,1.00
2018.04.09 06:05:29.062,10.29256,10.2945,1.00,1.00
2018.04.09 06:05:29.114,10.29241,10.29459,1.00,1.00
2018.04.09 06:05:29.165,10.29232,10.29436,1.00,1.00
2018.04.09 06:05:29.268,10.29214,10.29425,1.12,1.00
2018.04.09 06:05:29.371,10.29242,10.29434,1.00,1.00
2018.04.09 06:05:29.678,10.29204,10.29396,1.00,1.00
2018.04.09 06:05:29.730,10.29237,10.29486,1.00,1.00
2018.04.09 06:05:29.782,10.29214,10.29487,1.37,1.00
2018.04.09 06:05:30.038,10.29237,10.29479,1.00,1.00
2018.04.09 06:05:30.454,10.29255,10.29473,1.00,1.00
2018.04.09 06:05:33.012,10.29257,10.29467,1.00,1.00
2018.04.09 06:05:33.759,10.29254,10.29469,1.00,1.00
2018.04.09 06:05:33.940,10.29242,10.2946,1.00,1.00
2018.04.09 06:05:34.798,10.29215,10.29462,1.00,1.00
2018.04.09 06:05:47.970,10.29215,10.29454,1.00,1.00
2018.04.09 06:05:48.767,10.29216,10.29454,1.00,1.00
2018.04.09 06:05:49.259,10.29216,10.2946,1.00,1.00
2018.04.09 06:05:54.159,10.29206,10.29452,1.00,1.00
2018.04.09 06:06:02.400,10.29213,10.29459,1.00,1.00
2018.04.09 06:06:03.070,10.29213,10.29456,1.00,1.00
2018.04.09 06:06:03.847,10.29213,10.29455,1.00,1.00
2018.04.09 06:06:05.911,10.29216,10.29475,1.00,1.00
2018.04.09 06:06:10.713,10.29216,10.29499,1.00,1.00
2018.04.09 06:06:10.764,10.293,10.29506,1.00,1.00
2018.04.09 06:06:10.867,10.29323,10.2953,1.00,1.00
2018.04.09 06:06:10.919,10.29348,10.29554,1.00,1.00
2018.04.09 06:06:10.970,10.2931,10.29528,1.00,1.00
2018.04.09 06:06:11.022,10.29294,10.29518,1.37,1.00
2018.04.09 06:06:11.073,10.29294,10.29518,1.00,1.00
2018.04.09 06:06:11.125,10.29299,10.29507,1.00,1.00
2018.04.09 06:06:11.176,10.29286,10.29508,1.00,1.00
2018.04.09 06:06:11.521,10.29266,10.29509,1.12,1.00
2018.04.09 06:06:12.413,10.29302,10.29508,1.00,1.00
2018.04.09 06:06:12.464,10.29266,10.29509,1.00,1.00
2018.04.09 06:06:12.618,10.29266,10.29505,1.00,1.00
2018.04.09 06:06:18.058,10.29267,10.29509,1.00,1.00
2018.04.09 06:06:18.877,10.29267,10.29507,1.00,1.00
2018.04.09 06:06:26.721,10.29267,10.29532,1.00,1.00
2018.04.09 06:06:33.087,10.29268,10.29519,1.00,1.00
2018.04.09 06:06:44.744,10.29281,10.29509,1.00,1.00
2018.04.09 06:06:45.510,10.29281,10.2951,1.00,1.00
2018.04.09 06:06:47.704,10.29281,10.29511,1.00,1.00
2018.04.09 06:06:48.916,10.2927,10.29518,1.00,1.00
2018.04.09 06:06:49.196,10.2927,10.29527,1.00,1.00
2018.04.09 06:06:49.461,10.29283,10.29514,1.00,1.00
2018.04.09 06:06:49.767,10.29287,10.29511,1.00,1.00
2018.04.09 06:06:51.774,10.29272,10.2952,1.00,1.00
2018.04.09 06:06:52.277,10.29293,10.29514,1.00,1.00
2018.04.09 06:06:53.345,10.29274,10.29543,1.00,1.00
2018.04.09 06:06:59.444,10.29282,10.29542,1.00,1.00
2018.04.09 06:06:59.900,10.29283,10.2953,1.00,1.00
2018.04.09 06:07:02.156,10.29299,10.29539,1.00,1.00
2018.04.09 06:07:02.463,10.29285,10.29524,1.00,1.00
2018.04.09 06:07:03.174,10.29286,10.2953,1.00,1.00
2018.04.09 06:07:03.940,10.29287,10.29531,1.00,1.00
2018.04.09 06:07:05.720,10.29289,10.29549,1.37,1.00
2018.04.09 06:07:05.822,10.29289,10.29553,1.37,1.00
2018.04.09 06:07:06.076,10.2929,10.29531,1.37,1.00
2018.04.09 06:07:07.120,10.2929,10.29531,1.00,1.00
2018.04.09 06:07:10.571,10.29295,10.29548,1.00,1.00
2018.04.09 06:07:13.391,10.29298,10.29535,1.00,1.00
2018.04.09 06:07:14.792,10.29327,10.29533,1.00,1.00
2018.04.09 06:07:14.844,10.29299,10.29541,1.00,1.00
2018.04.09 06:07:18.221,10.29303,10.29546,1.00,1.00
2018.04.09 06:07:18.947,10.29304,10.29546,1.00,1.00
2018.04.09 06:07:21.243,10.29332,10.29539,1.00,1.00
2018.04.09 06:07:22.844,10.29326,10.29532,1.00,1.00
2018.04.09 06:07:24.389,10.2933,10.29537,1.00,1.00
2018.04.09 06:07:24.932,10.2933,10.29538,1.00,1.00
2018.04.09 06:07:25.068,10.29309,10.29545,1.00,1.00
2018.04.09 06:07:26.370,10.29333,10.29542,1.00,1.00
2018.04.09 06:07:30.060,10.29312,10.29576,1.00,1.00
2018.04.09 06:07:31.567,10.29316,10.29555,1.37,1.00
2018.04.09 06:07:31.964,10.29333,10.29548,1.00,1.00
2018.04.09 06:07:33.202,10.29317,10.29551,1.00,1.00
2018.04.09 06:07:33.852,10.29338,10.29544,1.00,1.00
2018.04.09 06:07:34.322,10.29335,10.29541,1.00,1.00
2018.04.09 06:07:44.803,10.29325,10.29534,1.00,1.00
2018.04.09 06:07:48.236,10.29335,10.29541,1.00,1.00
2018.04.09 06:07:57.909,10.29336,10.29543,1.00,1.00
2018.04.09 06:07:58.870,10.29339,10.29543,1.00,1.00
2018.04.09 06:07:59.214,10.29336,10.29534,1.00,1.00
2018.04.09 06:07:59.555,10.29339,10.29543,1.00,1.00
2018.04.09 06:07:59.607,10.29339,10.29557,1.00,1.00
2018.04.09 06:07:59.659,10.29339,10.29541,1.00,1.00
2018.04.09 06:08:00.563,10.29335,10.29534,1.00,1.00
2018.04.09 06:08:00.776,10.29339,10.29541,1.00,1.00
2018.04.09 06:08:01.440,10.29335,10.29541,1.00,1.00
2018.04.09 06:08:01.492,10.29335,10.29534,1.00,1.00
2018.04.09 06:08:02.378,10.29339,10.29541,1.00,1.00
2018.04.09 06:08:03.290,10.29339,10.29538,1.00,1.00
2018.04.09 06:08:04.037,10.29339,10.29541,1.00,1.00
2018.04.09 06:08:04.762,10.29334,10.29541,1.00,1.00
2018.04.09 06:08:04.926,10.29334,10.29534,1.00,1.00
2018.04.09 06:08:07.510,10.29334,10.29541,1.00,1.00
2018.04.09 06:08:07.562,10.29334,10.29534,1.00,1.00
2018.04.09 06:08:07.664,10.29339,10.29541,1.00,1.00
2018.04.09 06:08:08.470,10.29334,10.29534,1.00,1.00
2018.04.09 06:08:11.175,10.29334,10.29541,1.00,1.00
2018.04.09 06:08:11.289,10.29339,10.29541,1.00,1.00
2018.04.09 06:08:17.763,10.29334,10.29541,1.00,1.00
2018.04.09 06:08:18.067,10.29334,10.29534,1.00,1.00
2018.04.09 06:08:18.302,10.2933,10.29534,1.00,1.00
2018.04.09 06:08:23.689,10.2933,10.29536,1.00,1.00
2018.04.09 06:08:23.740,10.29346,10.29553,1.00,1.00
2018.04.09 06:08:23.857,10.29331,10.29562,1.00,1.00
2018.04.09 06:08:24.521,10.29336,10.29562,1.00,1.00
2018.04.09 06:08:25.066,10.29361,10.29562,1.00,1.00
2018.04.09 06:08:25.327,10.29338,10.29558,1.00,1.00
2018.04.09 06:08:25.381,10.29338,10.29539,1.00,1.00
2018.04.09 06:08:27.216,10.29346,10.29553,1.00,1.00
2018.04.09 06:08:27.437,10.29341,10.29571,1.00,1.00
2018.04.09 06:08:27.668,10.29361,10.29571,1.00,1.00
2018.04.09 06:08:27.720,10.29361,10.29579,1.00,1.00
2018.04.09 06:08:28.996,10.29342,10.29549,1.00,1.00
2018.04.09 06:08:30.081,10.29342,10.29534,1.00,1.00
2018.04.09 06:08:33.322,10.29341,10.29534,1.00,1.00
2018.04.09 06:08:37.398,10.29341,10.29548,1.00,1.00
2018.04.09 06:08:38.036,10.29339,10.29557,1.00,1.00
2018.04.09 06:08:38.196,10.29337,10.29572,1.00,1.00
2018.04.09 06:08:38.247,10.2935,10.29556,1.00,1.00
2018.04.09 06:08:39.064,10.29361,10.29556,1.00,1.00
2018.04.09 06:08:39.690,10.2935,10.29556,1.00,1.00
2018.04.09 06:08:40.207,10.29339,10.29545,1.50,1.00
2018.04.09 06:08:42.700,10.29339,10.29534,1.00,1.00
2018.04.09 06:08:46.347,10.29327,10.29534,1.00,1.00
2018.04.09 06:08:48.351,10.29333,10.29534,1.00,1.00
2018.04.09 06:08:49.175,10.29331,10.29534,1.00,1.00
2018.04.09 06:08:52.857,10.29331,10.2954,1.00,1.00
2018.04.09 06:08:53.204,10.29339,10.2954,1.00,1.00
2018.04.09 06:08:54.903,10.29331,10.29534,1.00,1.00
2018.04.09 06:09:03.431,10.2933,10.29534,1.00,1.00
2018.04.09 06:09:03.774,10.2934,10.29547,1.00,1.00
2018.04.09 06:09:03.826,10.29345,10.29552,1.00,1.00
2018.04.09 06:09:03.877,10.29336,10.29583,1.00,1.00
2018.04.09 06:09:04.434,10.29354,10.29557,1.00,1.00
2018.04.09 06:09:05.032,10.29343,10.2955,1.00,1.00
2018.04.09 06:09:05.245,10.29343,10.29534,1.00,1.00
2018.04.09 06:09:06.892,10.29343,10.2955,1.00,1.00
2018.04.09 06:09:07.320,10.29329,10.29534,1.00,1.00
2018.04.09 06:09:13.773,10.29341,10.29547,1.00,1.00
2018.04.09 06:09:14.896,10.29341,10.29534,1.00,1.00
2018.04.09 06:09:18.460,10.29334,10.2954,1.00,1.00
2018.04.09 06:09:18.657,10.29339,10.2954,1.00,1.00
2018.04.09 06:09:21.889,10.29334,10.2954,1.00,1.00
2018.04.09 06:09:22.743,10.29334,10.29535,1.00,1.00
2018.04.09 06:09:23.101,10.29334,10.29512,1.00,1.00
2018.04.09 06:09:23.437,10.29323,10.2953,1.00,1.00
2018.04.09 06:09:23.489,10.29323,10.29513,1.00,1.00
2018.04.09 06:09:28.863,10.29323,10.29509,1.00,1.00
2018.04.09 06:09:32.552,10.29313,10.29505,1.00,1.00
2018.04.09 06:09:32.843,10.29307,10.29509,1.00,1.00
2018.04.09 06:09:33.489,10.29303,10.29509,1.00,1.00
2018.04.09 06:09:35.967,10.29305,10.29497,1.00,1.00
2018.04.09 06:09:36.279,10.29294,10.29486,1.00,1.00
2018.04.09 06:09:36.634,10.29275,10.29482,1.00,1.00
2018.04.09 06:09:36.686,10.29267,10.2947,1.00,1.00
2018.04.09 06:09:45.017,10.29267,10.29459,1.00,1.00
2018.04.09 06:09:46.801,10.29267,10.2947,1.00,1.00
2018.04.09 06:09:46.853,10.29267,10.29459,1.00,1.00
2018.04.09 06:09:48.304,10.29267,10.2947,1.00,1.00
2018.04.09 06:09:48.504,10.29268,10.29466,1.00,1.00
2018.04.09 06:09:50.146,10.29268,10.29459,1.00,1.00
2018.04.09 06:09:53.025,10.29268,10.29466,1.00,1.00
2018.04.09 06:09:53.076,10.29268,10.29459,1.00,1.00
2018.04.09 06:10:00.130,10.29268,10.29466,1.00,1.00
2018.04.09 06:10:03.552,10.29268,10.2947,1.00,1.00
2018.04.09 06:10:04.325,10.29267,10.2946,1.00,1.00
2018.04.09 06:10:05.037,10.29267,10.29459,1.00,1.00
2018.04.09 06:10:07.666,10.29268,10.29459,1.00,1.00
2018.04.09 06:10:11.031,10.29275,10.29472,1.00,1.00
2018.04.09 06:10:11.492,10.29274,10.29459,1.00,1.00
2018.04.09 06:10:11.543,10.29268,10.29459,1.00,1.00
2018.04.09 06:10:11.691,10.29268,10.29469,1.00,1.00
2018.04.09 06:10:12.538,10.29268,10.29459,1.00,1.00
2018.04.09 06:10:12.690,10.29268,10.29469,1.00,1.00
2018.04.09 06:10:13.460,10.29268,10.29459,1.00,1.00
2018.04.09 06:10:13.595,10.29268,10.29468,1.00,1.00
2018.04.09 06:10:14.541,10.29268,10.29459,1.00,1.00
2018.04.09 06:10:14.644,10.29264,10.29465,1.00,1.00
2018.04.09 06:10:14.696,10.29262,10.29457,1.00,1.00
2018.04.09 06:10:14.747,10.29262,10.29465,1.00,1.00
2018.04.09 06:10:15.520,10.29262,10.29458,1.00,1.00
2018.04.09 06:10:15.923,10.29262,10.29434,1.00,1.00
2018.04.09 06:10:18.582,10.29268,10.29435,1.00,1.00
2018.04.09 06:10:18.936,10.29268,10.29457,1.00,1.00
2018.04.09 06:10:19.457,10.29267,10.29457,1.00,1.00
2018.04.09 06:10:28.497,10.29267,10.29463,1.00,1.00
2018.04.09 06:10:30.620,10.29267,10.29457,1.00,1.00
2018.04.09 06:10:32.321,10.29257,10.29453,1.00,1.00
2018.04.09 06:10:32.427,10.2926,10.29457,1.00,1.00
2018.04.09 06:10:32.478,10.29264,10.29465,1.00,1.00
2018.04.09 06:10:32.772,10.29264,10.29452,1.00,1.00
2018.04.09 06:10:33.586,10.29264,10.29458,1.00,1.00
2018.04.09 06:10:34.346,10.29252,10.29452,1.00,1.00
2018.04.09 06:10:39.553,10.29271,10.29503,1.00,1.00
2018.04.09 06:10:40.527,10.29286,10.29503,1.00,1.00
2018.04.09 06:10:40.732,10.29241,10.29469,1.00,1.00
2018.04.09 06:10:41.682,10.29241,10.29457,1.00,1.00
2018.04.09 06:10:43.626,10.29254,10.2945,1.00,1.00
2018.04.09 06:10:47.218,10.29269,10.29486,1.00,1.00
2018.04.09 06:10:47.271,10.29295,10.29509,1.00,1.00
2018.04.09 06:10:47.375,10.29295,10.29524,1.00,1.00
2018.04.09 06:10:47.478,10.29286,10.29479,1.00,1.00
2018.04.09 06:10:48.598,10.29285,10.29477,1.00,1.00
2018.04.09 06:10:49.396,10.29277,10.29469,1.00,1.00
2018.04.09 06:10:58.923,10.29277,10.29483,1.00,1.00
2018.04.09 06:10:59.026,10.29339,10.29546,1.00,1.00
2018.04.09 06:10:59.231,10.29294,10.29534,1.00,1.00
2018.04.09 06:10:59.282,10.29382,10.29588,1.00,1.00
2018.04.09 06:10:59.334,10.29332,10.2955,1.00,1.00
2018.04.09 06:10:59.386,10.29294,10.29529,1.00,1.00
2018.04.09 06:11:03.622,10.29291,10.29512,1.00,1.00
2018.04.09 06:11:03.931,10.29294,10.29543,1.00,1.00
2018.04.09 06:11:03.984,10.29294,10.29524,1.00,1.00
2018.04.09 06:11:04.323,10.29294,10.29503,1.00,1.00
2018.04.09 06:11:06.845,10.29277,10.29469,1.00,1.00
2018.04.09 06:11:07.747,10.29286,10.29481,1.00,1.00
2018.04.09 06:11:07.798,10.29297,10.29491,1.00,1.00
2018.04.09 06:11:07.902,10.29294,10.29514,1.00,1.00
2018.04.09 06:11:07.954,10.29294,10.29529,1.00,1.00
2018.04.09 06:11:08.100,10.29297,10.29504,1.00,1.00
2018.04.09 06:11:09.023,10.29292,10.29486,1.00,1.00
2018.04.09 06:11:15.692,10.29282,10.29474,1.00,1.00
2018.04.09 06:11:18.693,10.29279,10.29471,1.00,1.00
2018.04.09 06:11:18.796,10.29296,10.29491,1.00,1.00
2018.04.09 06:11:19.309,10.29294,10.29509,1.00,1.00
2018.04.09 06:11:19.361,10.29294,10.29512,1.00,1.00
2018.04.09 06:11:19.412,10.29297,10.29494,1.00,1.00
2018.04.09 06:11:19.729,10.29299,10.29492,1.00,1.00
2018.04.09 06:11:19.781,10.29291,10.29498,1.00,1.00
2018.04.09 06:11:20.319,10.29285,10.2952,1.00,1.00
2018.04.09 06:11:20.421,10.29288,10.2952,1.00,1.00
2018.04.09 06:11:20.726,10.29391,10.29583,1.00,1.00
2018.04.09 06:11:21.011,10.29316,10.29515,1.00,1.00
2018.04.09 06:11:21.065,10.29316,10.29464,1.00,1.00
2018.04.09 06:11:21.169,10.29259,10.2948,1.37,1.00
2018.04.09 06:11:21.375,10.29238,10.29481,1.00,1.00
2018.04.09 06:11:21.640,10.29234,10.29465,1.00,1.00
2018.04.09 06:11:21.953,10.29186,10.29379,1.00,1.00
2018.04.09 06:11:22.005,10.29173,10.29379,1.00,1.00
2018.04.09 06:11:22.107,10.29154,10.2937,1.37,1.00
2018.04.09 06:11:22.418,10.29253,10.29463,1.00,1.00
2018.04.09 06:11:22.473,10.29286,10.29478,1.00,1.00
2018.04.09 06:11:23.233,10.29259,10.29477,1.00,1.00
2018.04.09 06:11:23.673,10.29261,10.29477,1.00,1.00
2018.04.09 06:11:24.187,10.29261,10.29476,1.00,1.00
2018.04.09 06:11:24.295,10.29241,10.29476,1.00,1.00
2018.04.09 06:11:24.399,10.29207,10.29399,1.00,1.00
2018.04.09 06:11:27.060,10.29196,10.29388,1.00,1.00
2018.04.09 06:11:29.853,10.29206,10.29398,1.00,1.00
2018.04.09 06:11:30.447,10.2921,10.29454,1.00,1.00
2018.04.09 06:11:30.764,10.29209,10.29401,1.00,1.00
2018.04.09 06:11:31.068,10.29207,10.29399,1.00,1.00
2018.04.09 06:11:31.583,10.2921,10.29454,1.00,1.00
2018.04.09 06:11:33.320,10.2921,10.29458,1.00,1.00
2018.04.09 06:11:33.681,10.29216,10.29455,1.00,1.00
2018.04.09 06:11:34.279,10.29227,10.29454,1.00,1.00
2018.04.09 06:11:34.815,10.2924,10.29433,1.00,1.00
2018.04.09 06:11:34.866,10.29259,10.29474,1.00,1.00
2018.04.09 06:11:35.020,10.29259,10.29479,1.37,1.00
2018.04.09 06:11:35.122,10.29273,10.29486,1.37,1.00
2018.04.09 06:11:35.175,10.29273,10.29445,1.00,1.00
2018.04.09 06:11:35.227,10.29246,10.29445,1.00,1.00
2018.04.09 06:11:35.534,10.29237,10.29453,1.00,1.00
2018.04.09 06:11:38.255,10.29238,10.29431,1.00,1.00
2018.04.09 06:11:38.358,10.29238,10.29451,1.00,1.00
2018.04.09 06:11:44.521,10.29233,10.29426,1.00,1.00
2018.04.09 06:11:45.636,10.29232,10.29445,1.00,1.00
2018.04.09 06:11:47.188,10.29229,10.29444,1.00,1.00
2018.04.09 06:11:48.737,10.29223,10.29442,1.00,1.00
2018.04.09 06:11:49.507,10.29225,10.29442,1.00,1.00
2018.04.09 06:11:52.088,10.29235,10.29427,1.00,1.00
2018.04.09 06:11:53.387,10.29223,10.2944,1.00,1.00
2018.04.09 06:11:54.598,10.29224,10.29438,1.00,1.00
2018.04.09 06:11:54.934,10.29245,10.29457,1.00,1.00
2018.04.09 06:11:56.365,10.29261,10.29453,1.00,1.00
2018.04.09 06:11:57.287,10.29257,10.29449,1.00,1.00
2018.04.09 06:11:58.825,10.29256,10.29448,1.00,1.00
2018.04.09 06:11:59.430,10.29245,10.29437,1.00,1.00
2018.04.09 06:11:59.839,10.29234,10.29426,1.00,1.00
2018.04.09 06:12:03.755,10.2924,10.29433,1.00,1.00
2018.04.09 06:12:04.560,10.2923,10.29422,1.00,1.00
2018.04.09 06:12:11.587,10.29236,10.29422,1.00,1.00
2018.04.09 06:12:13.241,10.2923,10.29422,1.00,1.00
2018.04.09 06:12:17.688,10.29225,10.29419,1.00,1.00
2018.04.09 06:12:18.807,10.29227,10.29419,1.00,1.00
2018.04.09 06:12:28.504,10.29156,10.29348,1.00,1.00
2018.04.09 06:12:28.658,10.29182,10.29395,1.00,1.00
2018.04.09 06:12:29.897,10.29182,10.29382,1.00,1.00
2018.04.09 06:12:36.314,10.29169,10.29361,1.00,1.00
2018.04.09 06:12:36.582,10.29172,10.29382,1.00,1.00
2018.04.09 06:12:37.821,10.29164,10.29356,1.50,1.00
2018.04.09 06:12:38.033,10.29169,10.29382,1.00,1.00
2018.04.09 06:12:39.294,10.29164,10.29351,1.00,1.00
2018.04.09 06:12:39.345,10.29164,10.29382,1.00,1.00
2018.04.09 06:12:39.397,10.29169,10.2941,1.00,1.00
2018.04.09 06:12:39.499,10.29169,10.29417,1.00,1.00
2018.04.09 06:12:39.645,10.29184,10.29402,1.00,1.00
2018.04.09 06:12:40.937,10.29169,10.29379,1.00,1.00
2018.04.09 06:12:44.025,10.29161,10.29379,1.00,1.00
2018.04.09 06:12:44.518,10.29164,10.29422,1.00,1.00
2018.04.09 06:12:44.697,10.29184,10.29402,1.00,1.00
2018.04.09 06:12:46.156,10.29187,10.29423,1.00,1.00
2018.04.09 06:12:46.208,10.29187,10.29435,1.00,1.56
2018.04.09 06:12:46.260,10.29194,10.29415,1.00,1.00
2018.04.09 06:12:46.573,10.29206,10.29427,1.00,1.00
2018.04.09 06:12:47.063,10.29208,10.29427,1.00,1.00
2018.04.09 06:12:47.655,10.29206,10.29405,1.00,1.00
2018.04.09 06:12:47.707,10.29193,10.29405,1.00,1.00
2018.04.09 06:12:47.761,10.29187,10.29412,1.00,1.00
2018.04.09 06:12:47.813,10.29187,10.29404,1.00,1.00
2018.04.09 06:12:47.917,10.29209,10.29438,1.00,1.00
2018.04.09 06:12:48.026,10.29209,10.29464,1.00,1.00
2018.04.09 06:12:48.282,10.29268,10.29475,1.00,1.00
2018.04.09 06:12:48.333,10.2921,10.29461,1.12,1.00
2018.04.09 06:12:48.384,10.29216,10.29434,1.00,1.00
2018.04.09 06:12:48.689,10.29226,10.29429,1.00,1.00
2018.04.09 06:12:48.740,10.29213,10.29419,1.00,1.00
2018.04.09 06:12:49.653,10.29208,10.29414,1.00,1.00
2018.04.09 06:12:50.219,10.29208,10.29407,1.00,1.00
2018.04.09 06:12:53.370,10.29126,10.29335,1.00,1.00
2018.04.09 06:12:54.157,10.29116,10.29324,1.00,1.00
2018.04.09 06:12:55.147,10.29129,10.29335,1.00,1.00
2018.04.09 06:12:56.752,10.29114,10.29322,1.00,1.00
2018.04.09 06:12:59.426,10.29145,10.29359,1.00,1.00
2018.04.09 06:12:59.480,10.29137,10.29343,1.00,1.00
2018.04.09 06:12:59.898,10.29139,10.29371,1.00,1.00
2018.04.09 06:13:00.933,10.29138,10.29363,1.00,1.00
2018.04.09 06:13:02.435,10.29137,10.29363,1.00,1.00
2018.04.09 06:13:03.868,10.29135,10.29363,1.00,1.00
2018.04.09 06:13:03.920,10.2913,10.29337,1.00,1.00
2018.04.09 06:13:04.295,10.29129,10.29335,1.00,1.00
2018.04.09 06:13:04.636,10.29127,10.29334,1.00,1.00
2018.04.09 06:13:05.420,10.29129,10.29363,1.00,1.00
2018.04.09 06:13:05.523,10.29122,10.29329,1.00,1.00
2018.04.09 06:13:05.996,10.29133,10.29363,1.00,1.00
2018.04.09 06:13:07.605,10.29124,10.29331,1.00,1.00
2018.04.09 06:13:07.656,10.29127,10.29363,1.00,1.00
2018.04.09 06:13:11.817,10.29147,10.29369,1.00,1.00
2018.04.09 06:13:13.363,10.29147,10.29362,1.00,1.00
2018.04.09 06:13:17.401,10.29168,10.29375,1.00,1.00
2018.04.09 06:13:17.830,10.29147,10.29376,1.37,1.00
2018.04.09 06:13:18.273,10.29171,10.29377,1.00,1.00
2018.04.09 06:13:18.613,10.29153,10.2936,1.37,1.00
2018.04.09 06:13:20.604,10.29172,10.29379,1.00,1.00
2018.04.09 06:13:20.655,10.29166,10.29373,1.00,1.00
2018.04.09 06:13:21.125,10.29181,10.29384,1.00,1.00
2018.04.09 06:13:22.824,10.29152,10.29359,1.37,1.00
2018.04.09 06:13:23.128,10.29171,10.29377,1.00,1.00
2018.04.09 06:13:24.469,10.29172,10.29379,1.00,1.00
2018.04.09 06:13:28.192,10.29178,10.29384,1.00,1.00
2018.04.09 06:13:32.271,10.29154,10.29361,1.37,1.00
2018.04.09 06:13:32.609,10.29178,10.29384,1.00,1.00
2018.04.09 06:13:33.339,10.29188,10.29384,1.00,1.00
2018.04.09 06:13:34.731,10.29172,10.29384,1.00,1.00
2018.04.09 06:13:34.841,10.29176,10.29382,1.00,1.00
2018.04.09 06:13:38.810,10.29171,10.29402,1.00,1.00
2018.04.09 06:13:40.341,10.29178,10.29385,1.00,1.00
2018.04.09 06:13:43.448,10.29178,10.29382,1.00,1.00
2018.04.09 06:13:45.805,10.29178,10.29381,1.00,1.00
2018.04.09 06:13:46.478,10.29178,10.29382,1.00,1.00
2018.04.09 06:13:48.954,10.29173,10.29379,1.00,1.00
2018.04.09 06:13:50.069,10.29187,10.29382,1.00,1.00
2018.04.09 06:13:52.343,10.2919,10.29382,1.00,1.00
2018.04.09 06:13:53.848,10.2918,10.29382,1.00,1.00
2018.04.09 06:13:54.353,10.29179,10.29382,1.00,1.00
2018.04.09 06:13:54.967,10.29181,10.29382,1.00,1.00
2018.04.09 06:13:55.303,10.2917,10.29376,1.00,1.00
2018.04.09 06:14:00.696,10.2917,10.29362,1.00,1.00
2018.04.09 06:14:01.040,10.29152,10.29366,1.37,1.00
2018.04.09 06:14:01.557,10.29152,10.29357,1.37,1.00
2018.04.09 06:14:02.435,10.29156,10.29348,1.00,1.00
2018.04.09 06:14:02.843,10.29168,10.29357,1.00,1.00
2018.04.09 06:14:04.031,10.29158,10.2935,1.00,1.00
2018.04.09 06:14:09.014,10.29155,10.29349,1.12,1.00
2018.04.09 06:14:34.081,10.29153,10.29347,1.00,1.00
2018.04.09 06:14:38.969,10.29153,10.29347,1.37,1.00
2018.04.09 06:14:42.639,10.29144,10.29336,1.00,1.00
2018.04.09 06:14:42.691,10.29133,10.29325,1.00,1.00
2018.04.09 06:14:42.795,10.29138,10.29331,1.00,1.00
2018.04.09 06:14:42.949,10.29128,10.2932,1.00,1.00
2018.04.09 06:14:44.325,10.29116,10.2931,1.00,1.00
2018.04.09 06:14:45.088,10.29116,10.29309,1.00,1.00
2018.04.09 06:14:45.956,10.29116,10.2931,1.00,1.00
2018.04.09 06:14:46.339,10.29128,10.2932,1.00,1.00
2018.04.09 06:14:47.858,10.29128,10.29309,1.00,1.00
2018.04.09 06:14:49.120,10.29127,10.29309,1.00,1.00
2018.04.09 06:14:49.895,10.29126,10.29309,1.00,1.00
2018.04.09 06:14:50.585,10.29126,10.29319,1.00,1.00
2018.04.09 06:14:56.405,10.29126,10.29309,1.00,1.00
2018.04.09 06:14:57.812,10.29126,10.29319,1.00,1.00
2018.04.09 06:14:57.866,10.29137,10.29329,1.00,1.00
2018.04.09 06:15:00.848,10.29127,10.29319,1.00,1.00
2018.04.09 06:15:01.080,10.29105,10.293,1.00,1.00
2018.04.09 06:15:01.337,10.29123,10.29315,1.00,1.00
2018.04.09 06:15:01.746,10.29134,10.29326,1.00,1.00
2018.04.09 06:15:02.850,10.29122,10.29315,1.00,1.00
2018.04.09 06:15:03.004,10.29122,10.29309,1.00,1.00
2018.04.09 06:15:04.103,10.29119,10.29309,1.00,1.00
2018.04.09 06:15:05.573,10.29103,10.29301,1.00,1.00
2018.04.09 06:15:05.727,10.29118,10.29311,1.00,1.00
2018.04.09 06:15:06.782,10.29118,10.29309,1.00,1.00
2018.04.09 06:15:07.460,10.29143,10.29335,1.00,1.00
2018.04.09 06:15:08.571,10.29143,10.29334,1.00,1.00
2018.04.09 06:15:08.623,10.29131,10.29323,1.00,1.00
2018.04.09 06:15:08.945,10.29116,10.29333,1.50,1.00
2018.04.09 06:15:13.598,10.29116,10.29331,1.00,1.00
2018.04.09 06:15:13.918,10.29116,10.29309,1.00,1.00
2018.04.09 06:15:15.774,10.29101,10.29309,1.00,1.00
2018.04.09 06:15:17.086,10.29105,10.29298,1.00,1.00
2018.04.09 06:15:17.423,10.29072,10.29264,1.00,1.00
2018.04.09 06:15:19.183,10.29068,10.29269,1.00,1.00
2018.04.09 06:15:19.907,10.29073,10.29265,1.00,1.00
2018.04.09 06:15:21.412,10.29112,10.29304,1.00,1.00
2018.04.09 06:15:21.818,10.29103,10.29317,1.00,1.00
2018.04.09 06:15:22.862,10.29114,10.29317,1.00,1.00
2018.04.09 06:15:23.449,10.29114,10.29316,1.00,1.00
2018.04.09 06:15:24.489,10.29096,10.29309,1.00,1.00
2018.04.09 06:15:29.716,10.29092,10.29298,1.00,1.00
2018.04.09 06:15:33.144,10.29072,10.29297,1.00,1.00
2018.04.09 06:15:33.508,10.29072,10.29284,1.00,1.00
2018.04.09 06:15:34.169,10.29076,10.29284,1.00,1.00
2018.04.09 06:15:34.976,10.29078,10.29284,1.00,1.00
2018.04.09 06:15:35.819,10.29078,10.29297,1.00,1.00
2018.04.09 06:15:35.870,10.29078,10.29284,1.00,1.00
2018.04.09 06:15:36.176,10.29064,10.29257,1.00,1.00
2018.04.09 06:15:44.163,10.29058,10.2925,1.00,1.00
2018.04.09 06:15:44.421,10.28863,10.29087,1.00,1.00
2018.04.09 06:15:44.473,10.28876,10.291,1.00,1.00
2018.04.09 06:15:44.783,10.28881,10.29105,1.00,1.00
2018.04.09 06:15:45.106,10.28953,10.29166,1.00,1.00
2018.04.09 06:15:45.415,10.28956,10.2915,1.00,1.00
2018.04.09 06:15:45.840,10.28946,10.29138,1.00,1.00
2018.04.09 06:15:46.693,10.28955,10.29155,1.00,1.00
2018.04.09 06:15:48.381,10.28969,10.29161,1.00,1.00
2018.04.09 06:15:49.132,10.29001,10.29194,1.00,1.00
2018.04.09 06:15:49.184,10.29014,10.29207,1.00,1.00
2018.04.09 06:15:49.531,10.29011,10.29203,1.00,1.00
2018.04.09 06:15:50.017,10.29022,10.29214,1.00,1.00
2018.04.09 06:15:51.055,10.29004,10.29211,1.00,1.00
2018.04.09 06:15:51.388,10.28908,10.29127,1.00,1.00
2018.04.09 06:15:51.439,10.28902,10.29094,1.00,1.00
2018.04.09 06:15:51.593,10.2881,10.2902,1.00,1.00
2018.04.09 06:15:51.972,10.28813,10.29013,1.00,1.00
2018.04.09 06:15:52.228,10.28819,10.29033,1.00,1.00
2018.04.09 06:15:53.166,10.28823,10.29053,1.00,1.00
2018.04.09 06:15:53.370,10.28799,10.29057,1.00,1.00
2018.04.09 06:15:53.891,10.28783,10.29027,1.00,1.00
2018.04.09 06:15:54.304,10.28802,10.29023,1.00,1.00
2018.04.09 06:15:54.355,10.28807,10.29043,1.00,1.00
2018.04.09 06:15:57.802,10.28906,10.29098,1.00,1.00
2018.04.09 06:15:58.111,10.28983,10.29175,1.00,1.00
2018.04.09 06:15:58.491,10.28971,10.29163,1.00,1.00
2018.04.09 06:15:58.543,10.28896,10.29118,1.00,1.00
2018.04.09 06:15:58.976,10.28895,10.29092,1.00,1.00
2018.04.09 06:16:00.495,10.28887,10.2911,1.00,1.00
2018.04.09 06:16:01.788,10.28883,10.29092,1.00,1.00
2018.04.09 06:16:03.014,10.28877,10.29071,1.00,1.00
2018.04.09 06:16:03.117,10.28862,10.29067,1.00,1.00
2018.04.09 06:16:03.169,10.28749,10.28945,1.37,1.00
2018.04.09 06:16:03.222,10.28772,10.29009,1.00,1.00
2018.04.09 06:16:03.372,10.28787,10.29019,1.00,1.00
2018.04.09 06:16:03.682,10.28798,10.29021,1.00,1.00
2018.04.09 06:16:04.270,10.28798,10.29013,1.00,1.00
2018.04.09 06:16:12.213,10.28789,10.29001,1.00,1.00
2018.04.09 06:16:19.252,10.28784,10.28999,1.00,1.00
2018.04.09 06:16:20.026,10.28784,10.29,1.00,1.00
2018.04.09 06:16:29.640,10.28782,10.28997,1.00,1.00
2018.04.09 06:16:33.851,10.28868,10.2906,1.00,1.00
2018.04.09 06:16:34.168,10.28864,10.29081,1.00,1.00
2018.04.09 06:16:34.277,10.28905,10.29097,1.00,1.00
2018.04.09 06:16:34.381,10.28905,10.29101,1.00,1.00
2018.04.09 06:16:34.433,10.28885,10.29098,1.00,1.00
2018.04.09 06:16:34.485,10.28868,10.29101,1.00,1.00
2018.04.09 06:16:34.858,10.28851,10.2909,1.00,1.00
2018.04.09 06:16:34.938,10.28874,10.29094,1.00,1.00
2018.04.09 06:16:36.801,10.28877,10.29111,1.00,1.00
2018.04.09 06:16:37.080,10.28877,10.29109,1.00,1.00
2018.04.09 06:16:37.132,10.28854,10.29109,1.00,1.00
2018.04.09 06:16:44.379,10.28873,10.29106,1.00,1.00
2018.04.09 06:16:44.595,10.28855,10.29103,1.00,1.00
2018.04.09 06:16:44.698,10.28888,10.29102,1.00,1.00
2018.04.09 06:16:45.024,10.28989,10.29181,1.00,1.00
2018.04.09 06:16:45.562,10.28977,10.29169,1.00,1.00
2018.04.09 06:16:45.614,10.28912,10.2914,1.00,1.00
2018.04.09 06:16:45.714,10.28898,10.29115,1.00,1.00
2018.04.09 06:16:45.817,10.28883,10.29111,1.00,1.00
2018.04.09 06:16:47.314,10.28898,10.2911,1.00,1.00
2018.04.09 06:16:48.848,10.28898,10.29108,1.00,1.00
2018.04.09 06:16:48.900,10.28898,10.2911,1.00,1.00
2018.04.09 06:16:50.122,10.28873,10.29105,1.00,1.00
2018.04.09 06:16:50.360,10.28898,10.29125,1.00,1.00
2018.04.09 06:16:54.529,10.28919,10.29111,1.00,1.00
2018.04.09 06:16:54.714,10.28899,10.29113,1.00,1.00
2018.04.09 06:16:55.180,10.28916,10.2911,1.00,1.00
2018.04.09 06:16:57.338,10.28916,10.29108,1.00,1.00
2018.04.09 06:17:03.486,10.28887,10.29104,1.00,1.00
2018.04.09 06:17:03.538,10.28889,10.29081,1.00,1.00
2018.04.09 06:17:03.698,10.28866,10.29086,1.00,1.00
2018.04.09 06:17:04.342,10.28866,10.29087,1.00,1.00
2018.04.09 06:17:05.155,10.28874,10.29083,1.00,1.00
2018.04.09 06:17:07.110,10.28875,10.29101,1.00,1.00
2018.04.09 06:17:07.162,10.28873,10.29089,1.00,1.00
2018.04.09 06:17:07.213,10.28868,10.29096,1.00,1.00
2018.04.09 06:17:08.172,10.28856,10.29086,1.00,1.00
2018.04.09 06:17:09.805,10.28872,10.29076,1.00,1.00
2018.04.09 06:17:09.856,10.28897,10.29112,1.00,1.00
2018.04.09 06:17:09.908,10.28898,10.2912,1.00,1.00
2018.04.09 06:17:09.967,10.28858,10.29098,1.00,1.31
2018.04.09 06:17:10.020,10.28849,10.29081,1.00,1.12
2018.04.09 06:17:10.071,10.2883,10.29022,1.00,1.00
2018.04.09 06:17:10.124,10.28852,10.29053,1.00,1.50
2018.04.09 06:17:10.280,10.28852,10.29084,1.00,1.00
2018.04.09 06:17:10.432,10.28852,10.29092,1.00,1.00
2018.04.09 06:17:10.636,10.28831,10.29091,1.00,1.00
2018.04.09 06:17:10.687,10.28828,10.2902,1.00,1.00
2018.04.09 06:17:10.943,10.2883,10.29085,1.00,1.37
2018.04.09 06:17:11.071,10.28829,10.29021,1.00,1.00
2018.04.09 06:17:11.123,10.28828,10.29085,1.00,1.37
2018.04.09 06:17:12.278,10.28828,10.29085,1.00,1.00
2018.04.09 06:17:13.080,10.28828,10.29074,1.00,1.00
2018.04.09 06:17:14.663,10.28819,10.29012,1.00,1.00
2018.04.09 06:17:14.715,10.28808,10.29003,1.00,1.00
2018.04.09 06:17:19.460,10.28805,10.28999,1.00,1.00
2018.04.09 06:17:20.149,10.28809,10.29001,1.00,1.00
2018.04.09 06:17:20.474,10.28803,10.28995,1.00,1.00
2018.04.09 06:17:21.789,10.2881,10.29044,1.00,1.00
2018.04.09 06:17:22.307,10.28809,10.29044,1.00,1.00
2018.04.09 06:17:23.566,10.28809,10.29054,1.00,1.00
2018.04.09 06:17:28.244,10.28809,10.29044,1.00,1.00
2018.04.09 06:17:28.695,10.28803,10.29044,1.00,1.00
2018.04.09 06:17:31.007,10.28823,10.29044,1.00,1.00
2018.04.09 06:17:31.755,10.28823,10.29047,1.00,1.00
2018.04.09 06:17:32.882,10.28805,10.29044,1.00,1.00
2018.04.09 06:17:34.402,10.28808,10.29043,1.00,1.00
2018.04.09 06:17:35.228,10.28812,10.29041,1.00,1.00
2018.04.09 06:17:37.193,10.28794,10.29038,1.00,1.37
2018.04.09 06:17:38.719,10.28794,10.29038,1.00,1.00
2018.04.09 06:17:40.192,10.28812,10.29035,1.00,1.00
2018.04.09 06:17:41.940,10.28795,10.29033,1.00,1.37
2018.04.09 06:17:42.654,10.28795,10.29033,1.00,1.37
2018.04.09 06:17:43.456,10.28795,10.29033,1.00,1.00
2018.04.09 06:17:44.949,10.28814,10.2903,1.00,1.00
2018.04.09 06:17:49.202,10.28798,10.29026,1.00,1.00
2018.04.09 06:17:49.768,10.2882,10.29012,1.00,1.00
2018.04.09 06:17:49.989,10.2882,10.29014,1.00,1.00
2018.04.09 06:17:52.064,10.28809,10.29025,1.00,1.00
2018.04.09 06:17:52.116,10.28821,10.29013,1.00,1.00
2018.04.09 06:17:54.440,10.28805,10.29023,1.00,1.00
2018.04.09 06:17:54.675,10.28813,10.29016,1.00,1.00
2018.04.09 06:17:54.995,10.28828,10.2902,1.00,1.00
2018.04.09 06:17:55.201,10.28838,10.29031,1.00,1.00
2018.04.09 06:17:55.408,10.28843,10.29035,1.00,1.00
2018.04.09 06:17:56.086,10.28829,10.29021,1.00,1.00
2018.04.09 06:17:56.424,10.28819,10.29011,1.00,1.00
2018.04.09 06:18:04.495,10.28812,10.29004,1.00,1.00
2018.04.09 06:18:08.126,10.28822,10.29014,1.00,1.00
2018.04.09 06:18:08.472,10.28812,10.29004,1.00,1.00
2018.04.09 06:18:21.309,10.28824,10.29016,1.00,1.00
2018.04.09 06:18:29.834,10.28812,10.29004,1.00,1.00
2018.04.09 06:18:46.813,10.28823,10.29015,1.00,1.00
2018.04.09 06:18:46.864,10.28818,10.29011,1.00,1.00
2018.04.09 06:18:46.992,10.2881,10.29002,1.00,1.00
2018.04.09 06:18:47.334,10.28823,10.29015,1.00,1.00
2018.04.09 06:18:47.988,10.28813,10.29005,1.00,1.00
2018.04.09 06:18:49.601,10.28812,10.29004,1.00,1.00
2018.04.09 06:18:50.339,10.2882,10.29012,1.00,1.00
2018.04.09 06:19:04.581,10.28812,10.29004,1.00,1.00
2018.04.09 06:19:05.021,10.28825,10.29017,1.00,1.00
2018.04.09 06:19:05.328,10.28832,10.29024,1.00,1.00
2018.04.09 06:19:08.358,10.2882,10.29012,1.00,1.00
2018.04.09 06:19:09.983,10.28814,10.29006,1.00,1.00
2018.04.09 06:19:18.551,10.28825,10.29017,1.00,1.00
2018.04.09 06:19:19.612,10.28828,10.2902,1.00,1.00
2018.04.09 06:19:21.942,10.28816,10.29008,1.00,1.00
2018.04.09 06:19:34.642,10.28821,10.29013,1.00,1.00
2018.04.09 06:19:41.661,10.28809,10.29001,1.00,1.00
2018.04.09 06:19:41.713,10.28798,10.28991,1.00,1.00
2018.04.09 06:19:41.764,10.2881,10.29002,1.00,1.00
2018.04.09 06:19:42.111,10.28822,10.29014,1.00,1.00
2018.04.09 06:19:45.491,10.28818,10.29033,1.00,1.00
2018.04.09 06:19:46.692,10.28835,10.29027,1.00,1.00
2018.04.09 06:19:47.013,10.28825,10.29017,1.00,1.00
2018.04.09 06:19:50.227,10.28812,10.29005,1.00,1.00
2018.04.09 06:19:50.832,10.28812,10.29004,1.00,1.00
2018.04.09 06:19:51.645,10.28812,10.29005,1.00,1.00
2018.04.09 06:19:58.895,10.28812,10.29004,1.00,1.00
2018.04.09 06:19:59.686,10.288,10.28992,1.00,1.00
2018.04.09 06:19:59.839,10.28721,10.28914,1.00,1.00
2018.04.09 06:19:59.890,10.28732,10.28924,1.00,1.00
2018.04.09 06:20:00.192,10.28743,10.28935,1.00,1.00
2018.04.09 06:20:05.526,10.28742,10.28934,1.00,1.00
2018.04.09 06:20:05.989,10.2876,10.28974,1.00,1.00
2018.04.09 06:20:06.041,10.28777,10.2897,1.00,1.00
2018.04.09 06:20:06.363,10.28744,10.28937,1.00,1.00
2018.04.09 06:20:17.848,10.28731,10.28924,1.00,1.00
2018.04.09 06:20:17.952,10.28704,10.28898,1.00,1.00
2018.04.09 06:20:18.004,10.28695,10.28887,1.00,1.00
2018.04.09 06:20:18.108,10.2876,10.28954,1.00,1.00
2018.04.09 06:20:18.364,10.2876,10.28974,1.00,1.00
2018.04.09 06:20:19.262,10.2876,10.28975,1.00,1.00
2018.04.09 06:20:19.592,10.28767,10.28959,1.00,1.00
2018.04.09 06:20:20.556,10.28761,10.28974,1.00,1.00
2018.04.09 06:20:21.137,10.28759,10.28973,1.00,1.00
2018.04.09 06:20:23.082,10.28727,10.28919,1.00,1.00
2018.04.09 06:20:23.391,10.28582,10.28776,1.00,1.00
2018.04.09 06:20:23.444,10.28608,10.288,1.00,1.00
2018.04.09 06:20:23.751,10.28664,10.28857,1.00,1.00
2018.04.09 06:20:24.102,10.28674,10.28868,1.00,1.00
2018.04.09 06:20:33.206,10.28653,10.2887,1.00,1.00
2018.04.09 06:20:33.310,10.2867,10.28866,1.00,1.00
2018.04.09 06:20:34.810,10.28677,10.2887,1.00,1.00
2018.04.09 06:20:35.319,10.28682,10.28874,1.00,1.00
2018.04.09 06:20:35.544,10.28677,10.2887,1.00,1.00
2018.04.09 06:20:40.762,10.28689,10.28881,1.00,1.00
2018.04.09 06:20:40.814,10.28705,10.28924,1.00,1.00
2018.04.09 06:20:40.866,10.28716,10.28908,1.00,1.00
2018.04.09 06:20:41.227,10.28726,10.28918,1.00,1.00
2018.04.09 06:20:42.362,10.28716,10.28908,1.00,1.00
2018.04.09 06:20:42.703,10.28729,10.28921,1.00,1.00
2018.04.09 06:20:43.487,10.28702,10.28894,1.00,1.00
2018.04.09 06:20:43.745,10.28546,10.28776,1.00,1.00
2018.04.09 06:20:43.796,10.28533,10.28785,1.00,1.00
2018.04.09 06:20:43.848,10.28516,10.28729,1.00,1.00
2018.04.09 06:20:43.951,10.28502,10.28737,1.00,1.00
2018.04.09 06:20:44.055,10.28534,10.28726,1.00,1.00
2018.04.09 06:20:44.158,10.28494,10.28729,1.00,1.00
2018.04.09 06:20:49.841,10.28499,10.28721,1.00,1.00
2018.04.09 06:20:51.036,10.28536,10.28728,1.00,1.00
2018.04.09 06:20:51.345,10.28518,10.2871,1.00,1.00
2018.04.09 06:20:51.807,10.28545,10.28737,1.00,1.00
2018.04.09 06:20:52.125,10.28564,10.28743,1.00,1.00
2018.04.09 06:20:52.177,10.28581,10.28773,1.00,1.00
2018.04.09 06:20:54.568,10.28534,10.28666,1.00,1.00
2018.04.09 06:20:54.619,10.28437,10.28629,1.00,1.00
2018.04.09 06:20:54.670,10.28458,10.28663,1.00,1.00
2018.04.09 06:20:54.721,10.28493,10.28686,1.00,1.00
2018.04.09 06:20:54.823,10.28419,10.28616,1.00,1.00
2018.04.09 06:20:54.925,10.28433,10.28625,1.00,1.00
2018.04.09 06:21:00.288,10.28477,10.28671,1.00,1.00
2018.04.09 06:21:00.508,10.28488,10.2868,1.00,1.00
2018.04.09 06:21:01.811,10.28478,10.2867,1.00,1.00
2018.04.09 06:21:01.972,10.28467,10.2866,1.00,1.00
2018.04.09 06:21:04.241,10.28467,10.28674,1.00,1.00
2018.04.09 06:21:04.822,10.28465,10.28672,1.00,1.00
2018.04.09 06:21:05.213,10.28434,10.2864,1.00,1.00
2018.04.09 06:21:05.699,10.28473,10.2868,1.00,1.00
2018.04.09 06:21:05.762,10.28484,10.28691,1.00,1.37
2018.04.09 06:21:05.815,10.28469,10.28676,1.00,1.00
2018.04.09 06:21:06.071,10.28489,10.28695,1.00,1.00
2018.04.09 06:21:06.380,10.28559,10.28734,1.00,1.00
2018.04.09 06:21:06.483,10.28559,10.28766,1.00,1.00
2018.04.09 06:21:07.809,10.28539,10.28745,1.00,1.00
2018.04.09 06:21:09.342,10.28528,10.28734,1.00,1.00
2018.04.09 06:21:09.782,10.28528,10.2872,1.00,1.00
2018.04.09 06:21:17.077,10.28528,10.28743,1.00,1.00
2018.04.09 06:21:19.852,10.28537,10.28744,1.00,1.00
2018.04.09 06:21:23.659,10.28567,10.28759,1.00,1.00
2018.04.09 06:21:23.859,10.28538,10.28742,1.00,1.00
2018.04.09 06:21:23.911,10.2856,10.28753,1.00,1.00
2018.04.09 06:21:25.201,10.28534,10.28744,1.00,1.00
2018.04.09 06:21:26.083,10.28567,10.28759,1.00,1.00
2018.04.09 06:21:27.621,10.28563,10.28755,1.00,1.00
2018.04.09 06:21:29.090,10.28535,10.28744,1.00,1.00
2018.04.09 06:21:34.912,10.28534,10.28742,1.00,1.00
2018.04.09 06:21:35.657,10.28533,10.28742,1.00,1.00
2018.04.09 06:21:48.272,10.28568,10.2876,1.00,1.00
2018.04.09 06:21:48.376,10.28537,10.2873,1.00,1.00
2018.04.09 06:21:48.882,10.28572,10.28764,1.00,1.00
2018.04.09 06:21:49.037,10.28642,10.28835,1.00,1.00
2018.04.09 06:21:49.251,10.28607,10.288,1.00,1.00
2018.04.09 06:21:49.303,10.28608,10.2885,1.00,1.00
2018.04.09 06:21:49.355,10.2859,10.28782,1.00,1.00
2018.04.09 06:21:49.408,10.28579,10.28773,1.00,1.00
2018.04.09 06:21:49.768,10.28568,10.28761,1.00,1.00
2018.04.09 06:21:50.083,10.28558,10.2875,1.00,1.00
2018.04.09 06:21:50.253,10.28474,10.28742,1.37,1.00
2018.04.09 06:21:50.304,10.28473,10.28671,1.00,1.00
2018.04.09 06:21:50.457,10.28475,10.28703,1.00,1.00
2018.04.09 06:21:50.660,10.28479,10.28673,1.00,1.00
2018.04.09 06:21:50.768,10.28479,10.28703,1.00,1.00
2018.04.09 06:21:50.870,10.28478,10.28674,1.00,1.00
2018.04.09 06:21:51.152,10.28484,10.28717,1.00,1.00
2018.04.09 06:21:51.611,10.2849,10.28715,1.00,1.00
2018.04.09 06:21:54.325,10.28492,10.28684,1.00,1.00
2018.04.09 06:21:54.428,10.28395,10.28612,1.00,1.00
2018.04.09 06:21:54.480,10.28386,10.28549,1.00,1.00
2018.04.09 06:21:54.532,10.28316,10.28538,1.00,1.00
2018.04.09 06:21:54.635,10.28313,10.28538,1.00,1.00
2018.04.09 06:21:54.794,10.28301,10.28525,1.00,1.00
2018.04.09 06:21:56.026,10.2835,10.28574,1.00,1.75
2018.04.09 06:21:57.521,10.28366,10.28558,1.00,1.37
2018.04.09 06:21:59.065,10.28366,10.28558,1.00,1.00
2018.04.09 06:22:00.490,10.28344,10.28536,1.00,1.00
2018.04.09 06:22:00.797,10.28354,10.28546,1.00,1.00
2018.04.09 06:22:02.240,10.28353,10.28545,1.00,1.00
2018.04.09 06:22:02.342,10.28349,10.28542,1.00,1.00
2018.04.09 06:22:04.977,10.28351,10.28543,1.00,1.00
2018.04.09 06:22:06.371,10.28352,10.28545,1.00,1.00
2018.04.09 06:22:11.561,10.28349,10.28542,1.00,1.00
2018.04.09 06:22:11.870,10.28337,10.28529,1.00,1.00
2018.04.09 06:22:13.660,10.28351,10.28543,1.00,1.00
2018.04.09 06:22:15.210,10.28341,10.28533,1.00,1.00
2018.04.09 06:22:18.893,10.28351,10.28543,1.00,1.00
2018.04.09 06:22:19.226,10.28482,10.28674,1.00,1.00
2018.04.09 06:22:19.431,10.28463,10.28668,1.00,1.00
2018.04.09 06:22:19.535,10.28452,10.28651,1.00,1.00
2018.04.09 06:22:19.866,10.28462,10.28655,1.00,1.00
2018.04.09 06:22:20.769,10.28477,10.28669,1.00,1.00
2018.04.09 06:22:21.339,10.28461,10.2866,1.00,1.00
2018.04.09 06:22:23.079,10.28461,10.28661,1.00,1.00
2018.04.09 06:22:24.475,10.28439,10.2865,1.00,1.00
2018.04.09 06:22:25.135,10.28447,10.28639,1.00,1.00
2018.04.09 06:22:25.550,10.28437,10.28629,1.00,1.00
2018.04.09 06:22:26.399,10.28421,10.28614,1.00,1.00
2018.04.09 06:22:27.477,10.28423,10.28634,1.00,1.00
2018.04.09 06:22:33.041,10.28419,10.28611,1.00,1.00
2018.04.09 06:22:33.602,10.28418,10.28612,1.00,1.00
2018.04.09 06:22:34.221,10.28421,10.28631,1.00,1.00
2018.04.09 06:22:35.052,10.28422,10.28631,1.00,1.00
2018.04.09 06:22:35.209,10.28418,10.28611,1.00,1.00
2018.04.09 06:22:35.778,10.28416,10.28608,1.00,1.00
2018.04.09 06:22:36.098,10.28395,10.28587,1.00,1.00
2018.04.09 06:22:36.402,10.28384,10.28578,1.00,1.00
2018.04.09 06:22:36.689,10.28374,10.28566,1.00,1.00
2018.04.09 06:22:37.255,10.28363,10.28555,1.00,1.00
2018.04.09 06:22:37.461,10.28405,10.28598,1.00,1.00
2018.04.09 06:22:37.512,10.28439,10.28631,1.00,1.00
2018.04.09 06:22:37.769,10.28503,10.28696,1.00,1.00
2018.04.09 06:22:38.003,10.28515,10.28708,1.00,1.00
2018.04.09 06:22:39.930,10.28527,10.28719,1.00,1.00
2018.04.09 06:22:40.309,10.28512,10.28704,1.00,1.00
2018.04.09 06:22:40.644,10.28506,10.28698,1.00,1.00
2018.04.09 06:22:40.967,10.28495,10.28687,1.00,1.00
2018.04.09 06:22:41.484,10.2847,10.28662,1.00,1.00
2018.04.09 06:22:41.793,10.28486,10.28678,1.00,1.00
2018.04.09 06:22:42.273,10.2847,10.28662,1.00,1.00
2018.04.09 06:22:42.607,10.2849,10.28682,1.00,1.00
2018.04.09 06:22:50.080,10.2849,10.28687,1.00,1.00
2018.04.09 06:22:50.847,10.28489,10.28681,1.00,1.00
2018.04.09 06:22:51.000,10.28456,10.28665,1.00,1.00
2018.04.09 06:22:51.610,10.28489,10.28681,1.00,1.00
2018.04.09 06:22:51.793,10.28456,10.28649,1.00,1.00
2018.04.09 06:22:51.945,10.28473,10.28665,1.00,1.00
2018.04.09 06:22:53.334,10.28483,10.28675,1.00,1.00
2018.04.09 06:22:53.623,10.2849,10.28689,1.00,1.00
2018.04.09 06:22:55.386,10.28486,10.28678,1.00,1.00
2018.04.09 06:22:55.703,10.28479,10.28671,1.00,1.00
2018.04.09 06:23:01.292,10.28464,10.2866,1.00,1.00
2018.04.09 06:23:01.344,10.28454,10.28646,1.00,1.00
2018.04.09 06:23:02.826,10.2847,10.28663,1.00,1.00
2018.04.09 06:23:04.160,10.28482,10.28676,1.00,1.00
2018.04.09 06:23:04.313,10.28464,10.28674,1.00,1.00
2018.04.09 06:23:04.364,10.28483,10.28676,1.00,1.00
2018.04.09 06:23:05.600,10.28469,10.28662,1.00,1.00
2018.04.09 06:23:05.949,10.28481,10.28673,1.00,1.00
2018.04.09 06:23:06.687,10.28466,10.28658,1.00,1.00
2018.04.09 06:23:08.204,10.28441,10.28648,1.00,1.00
2018.04.09 06:23:20.142,10.28437,10.28647,1.00,1.00
2018.04.09 06:23:20.866,10.28434,10.28648,1.00,1.00
2018.04.09 06:23:23.419,10.28439,10.28631,1.00,1.00
2018.04.09 06:23:25.402,10.28449,10.28641,1.00,1.00
2018.04.09 06:23:26.932,10.28457,10.28649,1.00,1.00
2018.04.09 06:23:27.378,10.2846,10.28652,1.00,1.00
2018.04.09 06:23:28.546,10.2845,10.28642,1.00,1.00
2018.04.09 06:23:35.171,10.28447,10.2864,1.00,1.00
2018.04.09 06:23:45.509,10.28437,10.28629,1.00,1.00
2018.04.09 06:23:46.399,10.28447,10.28639,1.00,1.00
2018.04.09 06:23:50.272,10.2845,10.28642,1.00,1.00
2018.04.09 06:23:50.640,10.28436,10.28628,1.00,1.00
2018.04.09 06:23:50.742,10.28457,10.2865,1.00,1.00
2018.04.09 06:23:51.639,10.2845,10.28666,1.00,1.00
2018.04.09 06:23:51.691,10.28452,10.28686,1.00,1.00
2018.04.09 06:23:57.780,10.28458,10.28671,1.00,1.00
2018.04.09 06:23:59.293,10.28475,10.28667,1.00,1.00
2018.04.09 06:23:59.612,10.28382,10.28574,1.00,1.00
2018.04.09 06:23:59.963,10.28334,10.28526,1.64,1.00
2018.04.09 06:24:00.290,10.28379,10.28571,1.00,1.00
2018.04.09 06:24:00.394,10.2844,10.28632,1.00,1.00
2018.04.09 06:24:00.446,10.28436,10.28648,1.00,1.00
2018.04.09 06:24:00.497,10.28441,10.28633,1.00,1.00
2018.04.09 06:24:01.788,10.28434,10.28647,1.00,1.00
2018.04.09 06:24:01.941,10.28441,10.28635,1.00,1.00
2018.04.09 06:24:02.146,10.28434,10.28647,1.00,1.00
2018.04.09 06:24:02.198,10.28438,10.28631,1.00,1.00
2018.04.09 06:24:05.212,10.28437,10.28638,1.00,1.00
2018.04.09 06:24:05.957,10.28444,10.28636,1.00,1.00
2018.04.09 06:24:06.905,10.28433,10.28645,1.00,1.00
2018.04.09 06:24:07.965,10.28436,10.28628,1.00,1.00
2018.04.09 06:24:08.163,10.28426,10.28644,1.00,1.00
2018.04.09 06:24:11.232,10.28434,10.28627,1.00,1.00
2018.04.09 06:24:15.540,10.28455,10.28647,1.00,1.00
2018.04.09 06:24:17.076,10.28445,10.28639,1.00,1.00
2018.04.09 06:24:20.222,10.28447,10.28639,1.00,1.00
2018.04.09 06:24:21.069,10.2845,10.28642,1.00,1.00
2018.04.09 06:24:21.786,10.28457,10.28649,1.00,1.00
2018.04.09 06:24:21.890,10.28449,10.28661,1.00,1.00
2018.04.09 06:24:21.941,10.28485,10.28677,1.00,1.00
2018.04.09 06:24:21.993,10.28521,10.28728,1.00,1.00
2018.04.09 06:24:22.045,10.28625,10.28744,1.00,1.00
2018.04.09 06:24:22.212,10.28626,10.28791,1.00,1.00
2018.04.09 06:24:22.263,10.28613,10.28791,1.00,1.00
2018.04.09 06:24:22.316,10.28602,10.28791,1.00,1.00
2018.04.09 06:24:22.368,10.28624,10.28791,1.00,1.00
2018.04.09 06:24:22.853,10.28624,10.28872,1.00,1.00
2018.04.09 06:24:23.084,10.28624,10.28883,1.00,1.00
2018.04.09 06:24:23.990,10.28635,10.28895,1.00,1.50
2018.04.09 06:24:25.586,10.28646,10.28867,1.00,1.00
2018.04.09 06:24:27.156,10.28635,10.28856,1.00,1.00
2018.04.09 06:24:27.465,10.28547,10.28754,1.00,1.00
2018.04.09 06:24:27.623,10.2856,10.28768,1.00,1.00
2018.04.09 06:24:27.725,10.28566,10.28772,1.00,1.00
2018.04.09 06:24:28.985,10.28577,10.28783,1.00,1.00
2018.04.09 06:24:32.002,10.28587,10.28795,1.00,1.00
2018.04.09 06:24:32.053,10.28591,10.28798,1.00,1.00
2018.04.09 06:24:35.078,10.28601,10.28808,1.00,1.00
2018.04.09 06:24:36.016,10.28603,10.2881,1.00,1.00
2018.04.09 06:24:37.993,10.28603,10.28795,1.00,1.00
2018.04.09 06:24:38.338,10.28605,10.28797,1.00,1.00
2018.04.09 06:24:39.647,10.28618,10.2881,1.00,1.00
2018.04.09 06:24:40.285,10.28577,10.28769,1.00,1.00
2018.04.09 06:24:40.337,10.28503,10.28713,1.00,1.00
2018.04.09 06:24:40.388,10.28488,10.28714,1.00,1.00
2018.04.09 06:24:40.439,10.28498,10.287,1.00,1.00
2018.04.09 06:24:40.729,10.28492,10.287,1.00,1.00
2018.04.09 06:24:40.984,10.28508,10.2871,1.00,1.00
2018.04.09 06:24:41.138,10.28518,10.28726,1.00,1.00
2018.04.09 06:24:49.253,10.28537,10.28731,1.00,1.00
2018.04.09 06:24:49.492,10.28502,10.28716,1.00,1.00
2018.04.09 06:24:49.595,10.28518,10.2871,1.00,1.00
2018.04.09 06:24:49.647,10.28502,10.28716,1.00,1.00
2018.04.09 06:24:49.751,10.28515,10.28707,1.00,1.00
2018.04.09 06:24:50.975,10.28528,10.2872,1.00,1.00
2018.04.09 06:24:58.348,10.28446,10.28591,1.00,1.00
2018.04.09 06:24:58.400,10.28398,10.2859,1.00,1.00
2018.04.09 06:24:58.452,10.28343,10.28525,1.00,1.00
2018.04.09 06:24:58.504,10.28345,10.28537,1.00,1.00
2018.04.09 06:24:58.959,10.28334,10.28527,1.00,1.00
2018.04.09 06:25:01.245,10.28344,10.28538,1.00,1.00
2018.04.09 06:25:05.187,10.28355,10.28547,1.00,1.00
2018.04.09 06:25:06.077,10.28356,10.28549,1.00,1.00
2018.04.09 06:25:10.322,10.28355,10.28547,1.00,1.00
2018.04.09 06:25:10.425,10.28369,10.28563,1.00,1.00
2018.04.09 06:25:10.690,10.2838,10.28572,1.00,1.00
2018.04.09 06:25:10.741,10.28378,10.28571,1.00,1.00
2018.04.09 06:25:10.928,10.28363,10.28564,1.00,1.00
2018.04.09 06:25:10.979,10.28378,10.28571,1.00,1.00
2018.04.09 06:25:11.620,10.28387,10.28591,1.00,1.00
2018.04.09 06:25:11.672,10.28377,10.28601,1.00,1.00
2018.04.09 06:25:12.339,10.2838,10.28599,1.00,1.00
2018.04.09 06:25:12.686,10.28355,10.28565,1.00,1.00
2018.04.09 06:25:13.429,10.28353,10.28545,1.00,1.00
2018.04.09 06:25:14.951,10.28363,10.28555,1.00,1.00
2018.04.09 06:25:15.213,10.28374,10.28567,1.00,1.00
2018.04.09 06:25:16.732,10.28381,10.28575,1.00,1.00
2018.04.09 06:25:19.929,10.28391,10.28601,1.00,1.00
2018.04.09 06:25:21.109,10.28401,10.28593,1.00,1.00
2018.04.09 06:25:21.792,10.28412,10.28605,1.00,1.00
2018.04.09 06:25:21.843,10.28409,10.28605,1.00,1.00
2018.04.09 06:25:21.945,10.28422,10.28632,1.00,1.00
2018.04.09 06:25:22.185,10.28413,10.28616,1.00,1.00
2018.04.09 06:25:22.288,10.28425,10.28642,1.00,1.00
2018.04.09 06:25:22.339,10.28441,10.28644,1.00,1.00
2018.04.09 06:25:22.647,10.28458,10.2865,1.00,1.00
2018.04.09 06:25:23.723,10.28479,10.28671,1.00,1.00
2018.04.09 06:25:24.058,10.28489,10.28683,1.00,1.00
2018.04.09 06:25:24.469,10.28479,10.28672,1.00,1.00
2018.04.09 06:25:24.572,10.28441,10.28651,1.00,1.00
2018.04.09 06:25:24.624,10.28434,10.28626,1.00,1.00
2018.04.09 06:25:24.728,10.28422,10.28635,1.00,1.00
2018.04.09 06:25:24.883,10.28429,10.28621,1.00,1.00
2018.04.09 06:25:25.994,10.28439,10.28633,1.00,1.00
2018.04.09 06:25:26.149,10.28451,10.28644,1.00,1.00
2018.04.09 06:25:26.355,10.28454,10.28661,1.00,1.00
2018.04.09 06:25:26.406,10.28472,10.28664,1.00,1.00
2018.04.09 06:25:26.725,10.28482,10.28675,1.00,1.00
2018.04.09 06:25:26.829,10.28493,10.28685,1.00,1.00
2018.04.09 06:25:27.149,10.28503,10.28695,1.00,1.00
2018.04.09 06:25:27.476,10.28515,10.28707,1.00,1.00
2018.04.09 06:25:30.652,10.28525,10.28717,1.00,1.00
2018.04.09 06:25:31.178,10.28512,10.28704,1.00,1.00
2018.04.09 06:25:32.692,10.28524,10.28716,1.00,1.00
2018.04.09 06:25:32.795,10.2851,10.28704,1.00,1.00
2018.04.09 06:25:34.306,10.28513,10.28729,1.00,1.00
2018.04.09 06:25:34.511,10.2852,10.28714,1.00,1.00
2018.04.09 06:25:35.410,10.28518,10.2871,1.00,1.00
2018.04.09 06:25:35.900,10.28523,10.28732,1.00,1.00
2018.04.09 06:25:36.002,10.28499,10.28701,1.00,1.00
2018.04.09 06:25:37.588,10.28513,10.28711,1.00,1.00
2018.04.09 06:25:37.714,10.28518,10.28726,1.00,1.00
2018.04.09 06:25:41.650,10.28516,10.28708,1.00,1.00
2018.04.09 06:25:44.027,10.28515,10.28707,1.00,1.00
2018.04.09 06:25:47.873,10.28519,10.28724,1.00,1.00
2018.04.09 06:25:48.127,10.28527,10.28737,1.00,1.00
2018.04.09 06:25:48.395,10.28522,10.2872,1.00,1.00
2018.04.09 06:25:50.429,10.28522,10.28714,1.00,1.00
2018.04.09 06:25:53.088,10.2851,10.28702,1.00,1.00
2018.04.09 06:25:53.139,10.28486,10.28696,1.00,1.00
2018.04.09 06:25:53.191,10.28444,10.28678,1.00,1.00
2018.04.09 06:25:53.242,10.28451,10.2866,1.00,1.00
2018.04.09 06:25:53.499,10.28403,10.28618,1.00,1.00
2018.04.09 06:25:53.550,10.28393,10.28585,1.00,1.00
2018.04.09 06:25:54.869,10.28433,10.28625,1.00,1.00
2018.04.09 06:25:54.921,10.2847,10.28664,1.00,1.00
2018.04.09 06:25:54.972,10.28506,10.28701,1.00,1.00
2018.04.09 06:25:55.023,10.2852,10.28712,1.00,1.00
2018.04.09 06:25:55.074,10.28542,10.28736,1.00,1.00
2018.04.09 06:25:55.126,10.28552,10.28751,1.00,1.00
2018.04.09 06:25:55.228,10.2857,10.28762,1.00,1.00
2018.04.09 06:25:55.330,10.28579,10.28773,1.00,1.00
2018.04.09 06:25:55.381,10.28604,10.28796,1.00,1.00
2018.04.09 06:25:55.483,10.28607,10.28831,1.00,1.00
2018.04.09 06:25:55.585,10.28619,10.28843,1.00,1.00
2018.04.09 06:25:56.394,10.28638,10.2883,1.00,1.00
2018.04.09 06:25:57.227,10.28614,10.28806,1.00,1.00
2018.04.09 06:25:57.875,10.28603,10.28795,1.00,1.00
2018.04.09 06:26:00.379,10.28618,10.2881,1.00,1.00
2018.04.09 06:26:00.932,10.28594,10.28786,1.00,1.00
2018.04.09 06:26:01.087,10.285,10.28693,1.00,1.00
2018.04.09 06:26:01.139,10.28492,10.28684,1.00,1.00
2018.04.09 06:26:01.446,10.28474,10.28666,1.00,1.00
2018.04.09 06:26:03.024,10.28499,10.28691,1.00,1.00
2018.04.09 06:26:03.281,10.28556,10.28756,1.00,1.00
2018.04.09 06:26:03.333,10.2857,10.28764,1.00,1.00
2018.04.09 06:26:03.385,10.286,10.28798,1.00,1.00
2018.04.09 06:26:03.539,10.28614,10.28806,1.00,1.00
2018.04.09 06:26:03.846,10.28636,10.28828,1.00,1.00
2018.04.09 06:26:05.452,10.28636,10.28829,1.00,1.00
2018.04.09 06:26:05.946,10.28633,10.28825,1.00,1.00
2018.04.09 06:26:05.997,10.28667,10.28865,1.00,1.00
2018.04.09 06:26:06.150,10.28657,10.2885,1.00,1.00
2018.04.09 06:26:10.319,10.28645,10.28837,1.00,1.00
2018.04.09 06:26:10.666,10.28601,10.28793,1.00,1.00
2018.04.09 06:26:10.974,10.28577,10.28769,1.00,1.00
2018.04.09 06:26:14.246,10.28592,10.28784,1.00,1.00
2018.04.09 06:26:16.150,10.28569,10.28761,1.00,1.00
2018.04.09 06:26:17.667,10.28591,10.28785,1.00,1.00
2018.04.09 06:26:17.718,10.28586,10.28795,1.00,1.00
2018.04.09 06:26:17.769,10.28593,10.28785,1.00,1.00
2018.04.09 06:26:19.847,10.28583,10.28775,1.00,1.00
2018.04.09 06:26:20.453,10.28581,10.28773,1.00,1.00
2018.04.09 06:26:25.349,10.28571,10.28763,1.00,1.00
2018.04.09 06:26:25.453,10.28552,10.28761,1.00,1.00
2018.04.09 06:26:25.604,10.28572,10.28765,1.00,1.00
2018.04.09 06:26:25.656,10.28552,10.28761,1.00,1.00
2018.04.09 06:26:25.759,10.28549,10.28742,1.00,1.00
2018.04.09 06:26:28.769,10.28563,10.28755,1.00,1.00
2018.04.09 06:26:28.973,10.28573,10.28768,1.00,1.00
2018.04.09 06:26:30.482,10.28551,10.28745,1.00,1.00
2018.04.09 06:26:30.790,10.28539,10.28731,1.00,1.00
2018.04.09 06:26:32.093,10.28568,10.2877,1.00,1.00
2018.04.09 06:26:33.640,10.28573,10.28768,1.00,1.00
2018.04.09 06:26:34.118,10.28573,10.28766,1.00,1.00
2018.04.09 06:26:35.515,10.28573,10.28768,1.00,1.00
2018.04.09 06:26:36.305,10.28572,10.28767,1.00,1.00
2018.04.09 06:26:45.582,10.28559,10.28751,1.00,1.00
2018.04.09 06:26:47.093,10.28569,10.28761,1.00,1.00
2018.04.09 06:26:47.509,10.28577,10.28775,1.00,1.00
2018.04.09 06:26:50.561,10.28563,10.28772,1.00,1.00
2018.04.09 06:26:51.295,10.2858,10.28772,1.00,1.00
2018.04.09 06:26:52.196,10.2858,10.28776,1.00,1.00
2018.04.09 06:26:56.305,10.28564,10.28756,1.00,1.00
2018.04.09 06:26:56.356,10.28559,10.28754,1.00,1.00
2018.04.09 06:26:56.584,10.28572,10.28764,1.00,1.00
2018.04.09 06:26:57.842,10.28575,10.28767,1.00,1.00
2018.04.09 06:26:59.530,10.28562,10.28754,1.00,1.00
2018.04.09 06:27:00.782,10.28573,10.28765,1.00,1.00
2018.04.09 06:27:05.580,10.28569,10.28765,1.00,1.00
2018.04.09 06:27:05.632,10.2856,10.28753,1.00,1.00
2018.04.09 06:27:06.365,10.28563,10.28757,1.00,1.00
2018.04.09 06:27:08.298,10.28549,10.28741,1.00,1.00
2018.04.09 06:27:08.643,10.28526,10.28718,1.00,1.00
2018.04.09 06:27:09.774,10.28537,10.28729,1.00,1.00
2018.04.09 06:27:09.825,10.28552,10.28759,1.00,1.00
2018.04.09 06:27:09.876,10.28571,10.28765,1.00,1.00
2018.04.09 06:27:09.978,10.28569,10.28788,1.00,1.00
2018.04.09 06:27:10.080,10.28564,10.28771,1.00,1.00
2018.04.09 06:27:10.806,10.28581,10.28778,1.00,1.00
2018.04.09 06:27:20.591,10.28576,10.28768,1.00,1.00
2018.04.09 06:27:25.412,10.28576,10.28768,1.37,1.00
2018.04.09 06:27:25.463,10.28625,10.2882,1.00,1.00
2018.04.09 06:27:25.516,10.28659,10.28851,1.00,1.00
2018.04.09 06:27:25.846,10.28681,10.28873,1.00,1.00
2018.04.09 06:27:34.854,10.2867,10.28862,1.00,1.00
2018.04.09 06:27:35.161,10.28652,10.28844,1.00,1.00
2018.04.09 06:27:36.421,10.28621,10.28834,1.00,1.00
2018.04.09 06:27:42.081,10.28651,10.28843,1.00,1.00
2018.04.09 06:27:42.185,10.28661,10.28855,1.00,1.00
2018.04.09 06:27:42.238,10.28677,10.28869,1.00,1.00
2018.04.09 06:27:42.392,10.28686,10.2888,1.00,1.00
2018.04.09 06:27:45.809,10.28734,10.28926,1.00,1.00
2018.04.09 06:27:46.116,10.28759,10.28951,1.00,1.00
2018.04.09 06:27:50.632,10.28764,10.28956,1.00,1.00
2018.04.09 06:28:05.682,10.28762,10.28955,1.00,1.00
2018.04.09 06:28:10.087,10.28756,10.28949,1.00,1.00
2018.04.09 06:28:10.397,10.28758,10.2895,1.00,1.00
2018.04.09 06:28:10.626,10.28701,10.28909,1.12,1.00
2018.04.09 06:28:10.730,10.28684,10.28876,1.52,1.00
2018.04.09 06:28:10.884,10.28676,10.28891,1.52,1.00
2018.04.09 06:28:11.124,10.28682,10.28874,1.52,1.00
2018.04.09 06:28:11.832,10.28682,10.28874,1.00,1.00
2018.04.09 06:28:12.422,10.28693,10.28885,1.00,1.00
2018.04.09 06:28:14.839,10.28707,10.28899,1.00,1.00
2018.04.09 06:28:20.704,10.28711,10.28903,1.00,1.00
2018.04.09 06:28:21.499,10.28709,10.28901,1.00,1.00
2018.04.09 06:28:22.187,10.28701,10.28914,1.00,1.00
2018.04.09 06:28:25.392,10.28705,10.28931,1.00,1.00
2018.04.09 06:28:32.686,10.28723,10.28915,1.00,1.00
2018.04.09 06:28:32.738,10.28697,10.2889,1.00,1.00
2018.04.09 06:28:32.790,10.28688,10.28904,1.00,1.00
2018.04.09 06:28:35.772,10.28686,10.28901,1.00,1.00
2018.04.09 06:28:36.537,10.28681,10.28901,1.00,1.00
2018.04.09 06:28:38.868,10.28692,10.28885,1.00,1.00
2018.04.09 06:28:40.476,10.28684,10.28898,1.00,1.00
2018.04.09 06:28:41.531,10.28694,10.28886,1.00,1.00
2018.04.09 06:28:43.092,10.28685,10.28897,1.00,1.00
2018.04.09 06:28:44.569,10.28688,10.2888,1.00,1.00
2018.04.09 06:28:50.753,10.28687,10.28879,1.00,1.00
2018.04.09 06:29:01.734,10.28675,10.28889,1.00,1.00
2018.04.09 06:29:02.146,10.28682,10.28874,1.00,1.00
2018.04.09 06:29:02.298,10.28674,10.28889,1.00,1.00
2018.04.09 06:29:03.441,10.2868,10.28872,1.00,1.00
2018.04.09 06:29:03.696,10.28675,10.28888,1.00,1.00
2018.04.09 06:29:04.987,10.28685,10.28877,1.00,1.00
2018.04.09 06:29:05.330,10.28696,10.28888,1.00,1.00
2018.04.09 06:29:05.783,10.28687,10.28879,1.00,1.00
2018.04.09 06:29:07.712,10.28698,10.2889,1.00,1.00
2018.04.09 06:29:08.031,10.28708,10.289,1.00,1.00
2018.04.09 06:29:20.862,10.28705,10.28897,1.00,1.00
2018.04.09 06:29:26.612,10.28761,10.28937,1.00,1.00
2018.04.09 06:29:26.715,10.2883,10.29022,1.00,1.00
2018.04.09 06:29:26.767,10.28841,10.29033,1.00,1.00
2018.04.09 06:29:27.109,10.28827,10.29019,1.00,1.00
2018.04.09 06:29:27.364,10.2873,10.28924,1.00,1.00
2018.04.09 06:29:29.515,10.28757,10.28949,1.00,1.00
2018.04.09 06:29:30.056,10.28761,10.28966,1.00,1.00
2018.04.09 06:29:35.842,10.28751,10.28977,1.00,1.00
2018.04.09 06:29:36.587,10.28734,10.2896,1.00,1.00
2018.04.09 06:29:38.151,10.28704,10.28986,1.00,1.00
2018.04.09 06:29:45.771,10.28677,10.28986,1.00,1.00
2018.04.09 06:29:45.822,10.28676,10.28986,1.52,1.00
2018.04.09 06:29:46.249,10.28704,10.28986,1.00,1.00
2018.04.09 06:29:47.297,10.28673,10.28985,1.00,1.00
2018.04.09 06:29:47.530,10.28681,10.28964,1.00,1.00
2018.04.09 06:30:00.262,10.28716,10.28929,1.00,1.00
2018.04.09 06:30:07.178,10.28755,10.28968,1.00,1.00
2018.04.09 06:30:07.531,10.28775,10.28943,1.00,1.00
2018.04.09 06:30:08.217,10.28769,10.28999,1.00,1.00
2018.04.09 06:30:08.269,10.28769,10.29002,1.00,1.00
2018.04.09 06:30:09.264,10.288,10.28968,1.00,1.00
2018.04.09 06:30:12.214,10.288,10.28954,1.00,1.00
2018.04.09 06:30:20.982,10.288,10.28956,1.00,1.00
2018.04.09 06:30:21.733,10.288,10.28954,1.00,1.00
2018.04.09 06:30:24.644,10.288,10.28968,1.00,1.00
2018.04.09 06:30:25.484,10.28788,10.28969,1.00,1.00
2018.04.09 06:30:25.935,10.28811,10.28969,1.00,1.00
2018.04.09 06:30:26.310,10.28811,10.28979,1.00,1.00
2018.04.09 06:30:33.557,10.28769,10.28978,1.00,1.00
2018.04.09 06:30:33.934,10.28789,10.28957,1.00,1.00
2018.04.09 06:30:52.536,10.28789,10.28983,1.00,1.00
2018.04.09 06:30:52.840,10.28788,10.28958,1.00,1.00
2018.04.09 06:30:59.005,10.28788,10.28949,1.00,1.00
2018.04.09 06:31:00.427,10.28757,10.28949,1.00,1.00
2018.04.09 06:31:00.749,10.28766,10.28934,1.00,1.00
2018.04.09 06:31:11.204,10.28742,10.28921,1.00,1.00
2018.04.09 06:31:11.561,10.28744,10.28912,1.00,1.00
2018.04.09 06:31:16.874,10.28745,10.28921,1.00,1.00
2018.04.09 06:31:16.925,10.28744,10.28905,1.00,1.00
2018.04.09 06:31:17.027,10.28746,10.28933,1.50,1.00
2018.04.09 06:31:17.078,10.28756,10.28938,1.00,1.00
2018.04.09 06:31:17.130,10.28757,10.28949,1.00,1.00
2018.04.09 06:31:17.182,10.28757,10.28945,1.00,1.00
2018.04.09 06:31:17.234,10.28757,10.28949,1.00,1.00
2018.04.09 06:31:17.867,10.28766,10.28949,1.00,1.00
2018.04.09 06:31:18.025,10.28766,10.28952,1.50,1.00
2018.04.09 06:31:18.333,10.28791,10.28952,1.00,1.00
2018.04.09 06:31:18.655,10.28769,10.28937,1.00,1.50
2018.04.09 06:31:18.758,10.28769,10.28929,1.00,1.00
2018.04.09 06:31:18.861,10.28737,10.28921,1.00,1.00
2018.04.09 06:31:19.015,10.28766,10.28929,1.00,1.00
2018.04.09 06:31:27.762,10.28737,10.28899,1.00,1.00
2018.04.09 06:31:27.864,10.28731,10.28904,1.00,1.00
2018.04.09 06:31:28.019,10.28731,10.28915,1.00,1.00
2018.04.09 06:31:28.070,10.28744,10.28912,1.00,1.00
2018.04.09 06:31:36.736,10.28746,10.28926,1.00,1.00
2018.04.09 06:31:36.788,10.28746,10.2893,1.00,1.00
2018.04.09 06:31:36.840,10.28748,10.2894,1.00,1.00
2018.04.09 06:31:36.892,10.28758,10.2895,1.00,1.00
2018.04.09 06:31:36.996,10.28775,10.28982,1.00,1.00
2018.04.09 06:31:37.100,10.28771,10.28974,1.00,1.00
2018.04.09 06:31:37.448,10.28771,10.28965,1.50,1.00
2018.04.09 06:31:37.756,10.28791,10.28952,1.00,1.00
2018.04.09 06:31:38.997,10.28769,10.28937,1.00,1.00
2018.04.09 06:31:49.614,10.28769,10.28933,1.00,1.00
2018.04.09 06:31:49.893,10.28769,10.28937,1.00,1.00
2018.04.09 06:31:50.717,10.28769,10.28933,1.00,1.00
2018.04.09 06:31:52.293,10.28769,10.28937,1.00,1.50
2018.04.09 06:31:57.363,10.28769,10.28947,1.00,1.00
2018.04.09 06:31:57.415,10.28771,10.28937,1.00,1.00
2018.04.09 06:31:57.466,10.2878,10.28975,1.00,1.00
2018.04.09 06:31:57.650,10.28799,10.28985,1.00,1.00
2018.04.09 06:31:58.824,10.28814,10.28982,1.00,1.00
2018.04.09 06:31:59.144,10.28768,10.28956,1.00,1.00
2018.04.09 06:31:59.742,10.28769,10.28937,1.00,1.00
2018.04.09 06:32:01.714,10.28802,10.2896,1.00,1.00
2018.04.09 06:32:01.869,10.28802,10.28971,1.00,1.00
2018.04.09 06:32:04.573,10.28805,10.28988,1.00,1.00
2018.04.09 06:32:04.625,10.28818,10.2901,1.00,1.00
2018.04.09 06:32:04.676,10.28822,10.2901,1.00,1.00
2018.04.09 06:32:04.728,10.28832,10.29021,1.00,1.00
2018.04.09 06:32:04.832,10.2884,10.29032,1.00,1.00
2018.04.09 06:32:04.884,10.28851,10.29043,1.00,1.00
2018.04.09 06:32:05.192,10.28826,10.28994,1.00,1.00
2018.04.09 06:32:05.597,10.28826,10.28986,1.00,1.00
2018.04.09 06:32:06.192,10.28787,10.28981,1.00,1.00
2018.04.09 06:32:06.244,10.28802,10.28972,1.00,1.00
2018.04.09 06:32:06.953,10.28769,10.28952,1.00,1.00
2018.04.09 06:32:07.005,10.28756,10.28941,1.00,1.00
2018.04.09 06:32:07.057,10.28754,10.28938,1.00,1.00
2018.04.09 06:32:07.362,10.28823,10.29008,1.00,1.00
2018.04.09 06:32:07.414,10.28823,10.29015,1.00,1.00
2018.04.09 06:32:07.466,10.28823,10.29009,1.00,1.00
2018.04.09 06:32:07.774,10.28767,10.28959,1.00,1.00
2018.04.09 06:32:07.825,10.2875,10.28941,1.00,1.00
2018.04.09 06:32:08.134,10.28785,10.28952,1.00,1.00
2018.04.09 06:32:08.186,10.2875,10.28942,1.00,1.00
2018.04.09 06:32:08.237,10.28737,10.28942,1.00,1.00
2018.04.09 06:32:08.289,10.28822,10.28924,1.00,1.00
2018.04.09 06:32:08.341,10.28821,10.28976,1.00,1.00
2018.04.09 06:32:08.392,10.28821,10.28985,1.00,1.00
2018.04.09 06:32:08.590,10.28826,10.28994,1.00,1.00
2018.04.09 06:32:08.643,10.28803,10.28964,1.00,1.00
2018.04.09 06:32:08.695,10.28776,10.28954,1.00,1.00
2018.04.09 06:32:08.746,10.28762,10.28954,1.00,1.50
2018.04.09 06:32:09.952,10.28781,10.28949,1.00,1.00
2018.04.09 06:32:10.295,10.28803,10.28965,1.00,1.00
2018.04.09 06:32:17.251,10.28803,10.28962,1.00,1.00
2018.04.09 06:32:17.306,10.28773,10.28955,1.00,1.00
2018.04.09 06:32:17.616,10.28781,10.28949,1.00,1.00
2018.04.09 06:32:17.966,10.28757,10.28925,1.00,1.00
2018.04.09 06:32:20.467,10.28746,10.28924,1.00,1.00
2018.04.09 06:32:20.518,10.28741,10.28922,1.00,1.00
2018.04.09 06:32:20.569,10.28771,10.28961,1.00,1.00
2018.04.09 06:32:20.620,10.28758,10.2895,1.50,1.00
2018.04.09 06:32:20.671,10.28759,10.28942,1.00,1.00
2018.04.09 06:32:20.773,10.28769,10.28975,1.00,1.00
2018.04.09 06:32:20.824,10.28779,10.28986,1.00,1.00
2018.04.09 06:32:20.876,10.28826,10.29005,1.00,1.00
2018.04.09 06:32:20.977,10.28826,10.29013,1.00,1.00
2018.04.09 06:32:21.029,10.28836,10.29029,1.00,1.50
2018.04.09 06:32:21.137,10.28847,10.29029,1.00,1.00
2018.04.09 06:32:21.995,10.28852,10.29029,1.00,1.00
2018.04.09 06:32:22.496,10.28858,10.29029,1.00,1.00
2018.04.09 06:32:23.164,10.28858,10.29017,1.00,1.00
2018.04.09 06:32:24.018,10.28849,10.29017,1.00,1.00
2018.04.09 06:32:25.519,10.28827,10.28995,1.00,1.00
2018.04.09 06:32:25.571,10.28792,10.28999,1.00,1.00
2018.04.09 06:32:25.623,10.2879,10.28982,1.00,1.00
2018.04.09 06:32:25.942,10.2875,10.28929,1.00,1.00
2018.04.09 06:32:28.020,10.2875,10.28928,1.00,1.00
2018.04.09 06:32:28.870,10.2875,10.289,1.00,1.00
2018.04.09 06:32:33.338,10.28737,10.289,1.00,1.00
2018.04.09 06:32:34.372,10.28737,10.28932,1.00,1.00
2018.04.09 06:32:34.616,10.28737,10.28939,1.00,1.00
2018.04.09 06:32:34.668,10.2878,10.28953,1.00,1.00
2018.04.09 06:32:34.720,10.2878,10.28965,1.00,1.00
2018.04.09 06:32:34.774,10.2878,10.28984,1.00,1.00
2018.04.09 06:32:34.826,10.28786,10.28993,1.00,1.50
2018.04.09 06:32:35.305,10.28778,10.28945,1.00,1.00
2018.04.09 06:32:35.511,10.28754,10.28922,1.00,1.00
2018.04.09 06:32:37.992,10.28743,10.28921,1.00,1.00
2018.04.09 06:32:38.449,10.28743,10.289,1.00,1.00
2018.04.09 06:32:40.643,10.28754,10.28922,1.00,1.00
2018.04.09 06:32:41.102,10.28743,10.289,1.00,1.00
2018.04.09 06:32:45.372,10.28743,10.28936,1.00,1.00
2018.04.09 06:32:45.424,10.28752,10.2892,1.00,1.00
2018.04.09 06:32:45.476,10.28754,10.28925,1.00,1.00
2018.04.09 06:32:45.528,10.28757,10.28942,1.00,1.00
2018.04.09 06:32:45.582,10.28771,10.28971,1.00,1.00
2018.04.09 06:32:45.634,10.28777,10.2898,1.00,1.00
2018.04.09 06:32:45.685,10.28788,10.2898,1.00,1.00
2018.04.09 06:32:46.045,10.28812,10.28995,1.00,1.00
2018.04.09 06:32:47.105,10.28812,10.28967,1.00,1.00
2018.04.09 06:32:47.208,10.28799,10.28967,1.00,1.00
2018.04.09 06:32:48.781,10.28766,10.28958,1.00,1.00
2018.04.09 06:32:48.884,10.28755,10.28942,1.00,1.00
2018.04.09 06:32:50.065,10.28755,10.28922,1.00,1.00
2018.04.09 06:32:51.233,10.28754,10.28922,1.00,1.00
2018.04.09 06:32:53.498,10.28739,10.28921,1.00,1.00
2018.04.09 06:32:54.049,10.28739,10.289,1.00,1.00
2018.04.09 06:32:56.670,10.28763,10.2892,1.00,1.00
2018.04.09 06:32:56.721,10.28763,10.28927,1.00,1.00
2018.04.09 06:32:56.772,10.28772,10.28964,1.00,1.00
2018.04.09 06:32:56.823,10.28766,10.28973,1.00,1.00
2018.04.09 06:32:56.874,10.28785,10.28987,1.00,1.00
2018.04.09 06:32:58.288,10.28799,10.28967,1.00,1.00
2018.04.09 06:32:59.906,10.28777,10.28945,1.00,1.00
2018.04.09 06:33:02.498,10.28765,10.28945,1.00,1.00
2018.04.09 06:33:02.704,10.28752,10.28945,1.00,1.00
2018.04.09 06:33:03.010,10.28754,10.28922,1.00,1.00
2018.04.09 06:33:05.551,10.28755,10.28946,1.00,1.00
2018.04.09 06:33:05.704,10.28777,10.28945,1.00,1.00
2018.04.09 06:33:06.200,10.28764,10.28968,1.00,1.00
2018.04.09 06:33:06.251,10.28784,10.28981,1.00,1.00
2018.04.09 06:33:06.496,10.28784,10.28991,1.00,1.00
2018.04.09 06:33:07.604,10.28799,10.28991,1.00,1.00
2018.04.09 06:33:07.956,10.28822,10.2899,1.00,1.00
2018.04.09 06:33:09.322,10.28799,10.28967,1.00,1.00
2018.04.09 06:33:11.163,10.28761,10.28938,1.00,1.00
2018.04.09 06:33:11.216,10.28785,10.28957,1.00,1.00
2018.04.09 06:33:11.268,10.28764,10.28956,1.00,1.00
2018.04.09 06:33:11.371,10.28776,10.28956,1.00,1.00
2018.04.09 06:33:11.422,10.28776,10.28967,1.00,1.00
2018.04.09 06:33:11.745,10.28775,10.28941,1.00,1.00
2018.04.09 06:33:12.792,10.28773,10.28941,1.00,1.00
2018.04.09 06:33:15.757,10.28773,10.28932,1.00,1.00
2018.04.09 06:33:15.808,10.28725,10.2892,1.00,1.00
2018.04.09 06:33:15.860,10.28775,10.28951,1.24,1.00
2018.04.09 06:33:15.962,10.28827,10.29015,1.00,1.00
2018.04.09 06:33:16.013,10.2884,10.2903,1.00,1.00
2018.04.09 06:33:16.155,10.28853,10.29039,1.00,1.00
2018.04.09 06:33:17.605,10.28823,10.28991,1.50,1.00
2018.04.09 06:33:17.747,10.28805,10.28987,1.00,1.00
2018.04.09 06:33:17.849,10.28796,10.28987,1.00,1.00
2018.04.09 06:33:17.900,10.28779,10.28971,1.00,1.00
2018.04.09 06:33:17.951,10.28782,10.28968,1.00,1.00
2018.04.09 06:33:18.139,10.28769,10.28961,1.00,1.00
2018.04.09 06:33:18.191,10.28769,10.28958,1.00,1.00
2018.04.09 06:33:19.238,10.28776,10.28944,1.00,1.00
2018.04.09 06:33:20.886,10.28769,10.28946,1.00,1.00
2018.04.09 06:33:20.938,10.28752,10.28946,1.00,1.00
2018.04.09 06:33:20.990,10.28752,10.28935,1.00,1.00
2018.04.09 06:33:21.298,10.28752,10.28924,1.00,1.00
2018.04.09 06:33:21.827,10.28752,10.28916,1.00,1.00
2018.04.09 06:33:22.094,10.28748,10.28916,1.00,1.00
2018.04.09 06:33:22.202,10.28736,10.28924,1.00,1.50
2018.04.09 06:33:22.254,10.28748,10.28916,1.00,1.00
2018.04.09 06:33:31.613,10.28749,10.28916,1.00,1.00
2018.04.09 06:33:36.322,10.28748,10.28916,1.00,1.00
2018.04.09 06:33:46.135,10.28748,10.28915,1.00,1.00
2018.04.09 06:33:46.443,10.28748,10.28896,1.00,1.00
2018.04.09 06:33:47.406,10.28735,10.28896,1.00,1.00
2018.04.09 06:33:48.017,10.28735,10.28895,1.00,1.00
2018.04.09 06:33:48.083,10.28735,10.28886,1.00,1.00
2018.04.09 06:33:48.967,10.28716,10.28878,1.00,1.00
2018.04.09 06:33:49.765,10.28716,10.28871,1.00,1.00
2018.04.09 06:33:51.380,10.28723,10.28871,1.00,1.00
2018.04.09 06:33:59.940,10.2873,10.28897,1.00,1.00
2018.04.09 06:34:00.149,10.28741,10.28897,1.00,1.00
2018.04.09 06:34:00.408,10.28741,10.28905,1.00,1.00
2018.04.09 06:34:01.519,10.28748,10.28905,1.00,1.00
2018.04.09 06:34:03.006,10.28741,10.28894,1.00,1.00
2018.04.09 06:34:06.382,10.28735,10.28894,1.00,1.00
2018.04.09 06:34:07.165,10.28737,10.28894,1.00,1.00
2018.04.09 06:34:10.097,10.28746,10.28894,1.00,1.00
2018.04.09 06:34:10.440,10.28734,10.28894,1.00,1.00
2018.04.09 06:34:10.492,10.28734,10.28887,1.00,1.00
2018.04.09 06:34:11.920,10.28727,10.28887,1.00,1.00
2018.04.09 06:34:12.366,10.28727,10.28871,1.00,1.00
2018.04.09 06:34:17.863,10.28723,10.28871,1.00,1.00
2018.04.09 06:34:21.412,10.28722,10.28871,1.00,1.00
2018.04.09 06:34:34.777,10.28722,10.28882,1.00,1.00
2018.04.09 06:34:34.828,10.28722,10.2889,1.00,1.00
2018.04.09 06:34:35.072,10.28726,10.2889,1.00,1.00
2018.04.09 06:34:36.403,10.28726,10.28883,1.00,1.00
2018.04.09 06:34:36.727,10.28728,10.28883,1.00,1.00
2018.04.09 06:34:39.615,10.28728,10.28871,1.00,1.00
2018.04.09 06:34:46.080,10.28728,10.28883,1.00,1.00
2018.04.09 06:34:48.994,10.28728,10.28888,1.00,1.00
2018.04.09 06:34:49.046,10.28728,10.28891,1.00,1.00
2018.04.09 06:34:50.137,10.28728,10.289,1.00,1.00
2018.04.09 06:34:50.524,10.28748,10.289,1.00,1.00
2018.04.09 06:34:50.576,10.28728,10.28891,1.00,1.00
2018.04.09 06:34:51.501,10.28731,10.28891,1.00,1.00
2018.04.09 06:34:52.124,10.28731,10.28894,1.00,1.00
2018.04.09 06:34:52.176,10.28731,10.28907,1.00,1.00
2018.04.09 06:34:52.227,10.28737,10.28914,1.00,1.00
2018.04.09 06:34:52.279,10.28737,10.28922,1.00,1.00
2018.04.09 06:34:52.545,10.28748,10.28912,1.00,1.00
2018.04.09 06:34:52.797,10.28748,10.28916,1.00,1.00
2018.04.09 06:34:53.846,10.28748,10.28909,1.00,1.00
2018.04.09 06:34:54.102,10.28748,10.28916,1.00,1.00
2018.04.09 06:34:54.642,10.28748,10.2891,1.00,1.00
2018.04.09 06:34:55.790,10.28734,10.28901,1.00,1.00
2018.04.09 06:34:55.944,10.28755,10.28901,1.00,1.00
2018.04.09 06:34:55.996,10.28734,10.28901,1.00,1.00
2018.04.09 06:34:56.048,10.28771,10.28908,1.00,1.00
2018.04.09 06:34:56.101,10.28771,10.28916,1.00,1.00
2018.04.09 06:34:56.209,10.28795,10.28964,1.00,1.00
2018.04.09 06:34:56.260,10.28817,10.28986,1.00,1.00
2018.04.09 06:34:57.139,10.28798,10.28966,1.00,1.00
2018.04.09 06:34:57.241,10.28758,10.28946,1.00,1.00
2018.04.09 06:34:57.292,10.28747,10.28938,1.37,1.00
2018.04.09 06:34:57.343,10.28736,10.28923,1.00,1.00
2018.04.09 06:34:57.648,10.28725,10.28891,1.00,1.00
2018.04.09 06:34:58.603,10.28728,10.28891,1.00,1.00
2018.04.09 06:34:58.978,10.28728,10.28896,1.00,1.00
2018.04.09 06:34:59.081,10.28751,10.28901,1.00,1.00
2018.04.09 06:34:59.133,10.28751,10.28909,1.00,1.00
2018.04.09 06:34:59.184,10.28751,10.28919,1.00,1.00
2018.04.09 06:35:02.338,10.28755,10.28929,1.00,1.00
2018.04.09 06:35:02.390,10.28767,10.28939,1.00,1.00
2018.04.09 06:35:02.443,10.28767,10.28948,1.00,1.00
2018.04.09 06:35:02.653,10.28776,10.2894,1.00,1.00
2018.04.09 06:35:03.972,10.28753,10.28921,1.00,1.00
2018.04.09 06:35:04.646,10.28753,10.2892,1.00,1.00
2018.04.09 06:35:09.646,10.28753,10.28917,1.00,1.00
2018.04.09 06:35:11.406,10.28733,10.28917,1.00,1.50
2018.04.09 06:35:11.457,10.28753,10.28917,1.00,1.00
2018.04.09 06:35:17.983,10.28733,10.28917,1.00,1.50
2018.04.09 06:35:18.033,10.28753,10.28917,1.00,1.00
2018.04.09 06:35:18.084,10.28754,10.28925,1.00,1.00
2018.04.09 06:35:18.136,10.28774,10.28946,1.00,1.00
2018.04.09 06:35:18.187,10.28774,10.28955,1.00,1.00
2018.04.09 06:35:18.291,10.28793,10.28955,1.00,1.00
2018.04.09 06:35:18.627,10.28793,10.28944,1.00,1.00
2018.04.09 06:35:19.737,10.28776,10.28944,1.00,1.00
2018.04.09 06:35:19.890,10.28788,10.28944,1.00,1.00
2018.04.09 06:35:20.858,10.28776,10.28944,1.00,1.00
2018.04.09 06:35:20.909,10.28781,10.28944,1.00,1.00
2018.04.09 06:35:21.239,10.28776,10.28944,1.00,1.00
2018.04.09 06:35:24.957,10.28756,10.2894,1.00,1.00
2018.04.09 06:35:25.059,10.28776,10.28944,1.00,1.00
2018.04.09 06:35:25.294,10.28746,10.2893,1.37,1.00
2018.04.09 06:35:25.346,10.28746,10.28922,1.37,1.00
2018.04.09 06:35:25.693,10.28753,10.28921,1.00,1.00
2018.04.09 06:35:27.234,10.28753,10.28919,1.00,1.00
2018.04.09 06:35:27.684,10.28753,10.28921,1.00,1.00
2018.04.09 06:35:30.028,10.28757,10.28921,1.00,1.00
2018.04.09 06:35:31.230,10.28757,10.28941,1.00,1.00
2018.04.09 06:35:31.478,10.28776,10.28941,1.00,1.00
2018.04.09 06:35:31.805,10.28757,10.28921,1.00,1.00
2018.04.09 06:35:36.561,10.28758,10.28921,1.00,1.00
2018.04.09 06:35:45.718,10.28753,10.28921,1.00,1.00
2018.04.09 06:35:56.637,10.28758,10.28943,1.00,1.00
2018.04.09 06:35:56.688,10.28762,10.28943,1.00,1.00
2018.04.09 06:35:56.992,10.28775,10.28943,1.00,1.00
2018.04.09 06:36:01.143,10.28753,10.2894,1.00,1.00
2018.04.09 06:36:01.424,10.28753,10.28923,1.50,1.00
2018.04.09 06:36:07.464,10.2876,10.28952,1.00,1.00
2018.04.09 06:36:07.830,10.28776,10.28944,1.00,1.00
2018.04.09 06:36:07.986,10.28809,10.28993,1.00,1.00
2018.04.09 06:36:08.140,10.28809,10.29001,1.00,1.50
2018.04.09 06:36:08.192,10.28809,10.2899,1.00,1.00
2018.04.09 06:36:08.243,10.28809,10.28998,1.00,1.00
2018.04.09 06:36:08.295,10.28809,10.2899,1.00,1.00
2018.04.09 06:36:08.397,10.28809,10.28998,1.00,1.00
2018.04.09 06:36:08.734,10.28809,10.28987,1.00,1.00
2018.04.09 06:36:09.153,10.28809,10.28967,1.00,1.00
2018.04.09 06:36:09.333,10.28776,10.28944,1.00,1.00
2018.04.09 06:36:10.525,10.2876,10.28943,1.00,1.00
2018.04.09 06:36:10.788,10.28746,10.28938,1.00,1.00
2018.04.09 06:36:10.942,10.28753,10.28923,1.00,1.00
2018.04.09 06:36:11.570,10.28776,10.28938,1.00,1.00
2018.04.09 06:36:12.357,10.28776,10.28944,1.00,1.00
2018.04.09 06:36:14.073,10.28756,10.2894,1.00,1.00
2018.04.09 06:36:14.280,10.28756,10.28922,1.00,1.00
2018.04.09 06:36:14.845,10.28754,10.28922,1.00,1.00
2018.04.09 06:36:14.896,10.28776,10.28938,1.00,1.00
2018.04.09 06:36:15.320,10.28776,10.28944,1.00,1.00
2018.04.09 06:36:17.975,10.28753,10.2894,1.00,1.00
2018.04.09 06:36:18.191,10.28754,10.28922,1.00,1.00
2018.04.09 06:36:21.652,10.28762,10.28922,1.00,1.00
2018.04.09 06:36:26.637,10.28762,10.28954,1.00,1.00
2018.04.09 06:36:26.914,10.28775,10.28945,1.00,1.00
2018.04.09 06:36:28.103,10.28762,10.28922,1.00,1.00
2018.04.09 06:36:31.458,10.28762,10.28954,1.00,1.00
2018.04.09 06:36:31.774,10.28776,10.28944,1.00,1.00
2018.04.09 06:36:32.101,10.28808,10.28944,1.00,1.00
2018.04.09 06:36:32.153,10.28809,10.28997,1.00,1.00
2018.04.09 06:36:32.408,10.28809,10.28991,1.00,1.00
2018.04.09 06:36:32.861,10.2882,10.28997,1.00,1.00
2018.04.09 06:36:33.206,10.2882,10.28967,1.00,1.00
2018.04.09 06:36:34.383,10.28799,10.28967,1.00,1.00
2018.04.09 06:36:34.538,10.28776,10.28944,1.00,1.00
2018.04.09 06:36:39.125,10.28755,10.28943,1.00,1.00
2018.04.09 06:36:39.384,10.28755,10.28941,1.00,1.00
2018.04.09 06:36:39.690,10.28755,10.28922,1.00,1.00
2018.04.09 06:36:45.267,10.28755,10.28947,1.00,1.00
2018.04.09 06:36:45.594,10.28776,10.28944,1.00,1.00
2018.04.09 06:36:47.065,10.28755,10.28922,1.00,1.00
2018.04.09 06:36:51.291,10.28719,10.28909,1.37,1.00
2018.04.09 06:36:51.342,10.28713,10.28899,1.00,1.00
2018.04.09 06:36:51.647,10.28713,10.28909,1.00,1.00
2018.04.09 06:36:51.956,10.28713,10.289,1.00,1.00
2018.04.09 06:36:52.312,10.28728,10.28898,1.00,1.00
2018.04.09 06:36:52.718,10.28713,10.28895,1.00,1.00
2018.04.09 06:36:52.820,10.28729,10.28897,1.00,1.00
2018.04.09 06:36:55.086,10.28729,10.2892,1.00,1.00
2018.04.09 06:36:55.362,10.28751,10.28919,1.00,1.00
2018.04.09 06:36:56.590,10.28734,10.28897,1.00,1.00
2018.04.09 06:36:57.944,10.28738,10.28897,1.00,1.00
2018.04.09 06:36:59.464,10.2875,10.2893,1.00,1.00
2018.04.09 06:36:59.615,10.28751,10.28919,1.00,1.00
2018.04.09 06:36:59.717,10.2875,10.2893,1.00,1.00
2018.04.09 06:36:59.769,10.2875,10.28938,1.00,1.00
2018.04.09 06:36:59.821,10.2875,10.28942,1.00,1.00
2018.04.09 06:36:59.976,10.28772,10.28957,1.00,1.00
2018.04.09 06:37:00.590,10.28772,10.28964,1.00,1.00
2018.04.09 06:37:00.642,10.2876,10.2895,1.00,1.00
2018.04.09 06:37:00.954,10.28756,10.28922,1.00,1.00
2018.04.09 06:37:03.663,10.28754,10.28922,1.00,1.00
2018.04.09 06:37:13.916,10.28762,10.28959,1.00,1.00
2018.04.09 06:37:13.968,10.28774,10.28978,1.00,1.00
2018.04.09 06:37:14.020,10.28816,10.28963,1.00,1.00
2018.04.09 06:37:14.072,10.28816,10.29008,1.00,1.00
2018.04.09 06:37:14.177,10.28808,10.29,1.00,1.50
2018.04.09 06:37:14.482,10.28776,10.28944,1.00,1.00
2018.04.09 06:37:18.466,10.28761,10.2894,1.00,1.00
2018.04.09 06:37:18.723,10.28761,10.28923,1.00,1.00
2018.04.09 06:37:21.800,10.28753,10.28923,1.50,1.00
2018.04.09 06:37:36.801,10.28755,10.28923,1.00,1.00
2018.04.09 06:37:51.832,10.28753,10.28923,1.00,1.00
2018.04.09 06:37:52.644,10.28756,10.28923,1.00,1.00
2018.04.09 06:38:01.163,10.28756,10.28948,1.00,1.00
2018.04.09 06:38:01.215,10.28764,10.28971,1.00,1.00
2018.04.09 06:38:01.267,10.28803,10.28995,1.00,1.50
2018.04.09 06:38:01.576,10.28822,10.29004,1.00,1.37
2018.04.09 06:38:02.713,10.28834,10.29013,1.00,1.00
2018.04.09 06:38:02.868,10.28866,10.29053,1.00,1.00
2018.04.09 06:38:03.093,10.28866,10.29044,1.00,1.50
2018.04.09 06:38:03.144,10.28837,10.29024,1.00,1.00
2018.04.09 06:38:03.196,10.28831,10.29024,1.00,1.00
2018.04.09 06:38:03.300,10.28832,10.29026,1.00,1.00
2018.04.09 06:38:04.038,10.28846,10.29014,1.00,1.00
2018.04.09 06:38:04.703,10.28826,10.28992,1.00,1.00
2018.04.09 06:38:04.754,10.28846,10.29014,1.00,1.00
2018.04.09 06:38:06.284,10.28845,10.29034,1.00,1.00
2018.04.09 06:38:06.336,10.28876,10.29059,1.00,1.50
2018.04.09 06:38:06.387,10.28876,10.29059,1.00,1.00
2018.04.09 06:38:06.687,10.28876,10.29037,1.00,1.00
2018.04.09 06:38:06.739,10.28869,10.29037,1.00,1.00
2018.04.09 06:38:06.791,10.28846,10.29014,1.00,1.00
2018.04.09 06:38:07.611,10.28869,10.29026,1.00,1.00
2018.04.09 06:38:07.663,10.28867,10.29043,1.00,1.37
2018.04.09 06:38:08.115,10.28871,10.29039,1.00,1.00
2018.04.09 06:38:09.694,10.28833,10.29025,1.00,1.00
2018.04.09 06:38:09.746,10.2884,10.29032,1.00,1.00
2018.04.09 06:38:10.081,10.28849,10.29017,1.00,1.00
2018.04.09 06:38:11.189,10.28849,10.29013,1.00,1.00
2018.04.09 06:38:11.258,10.28849,10.29017,1.00,1.00
2018.04.09 06:38:15.338,10.28848,10.29018,1.00,1.00
2018.04.09 06:38:16.980,10.28858,10.2904,1.00,1.00
2018.04.09 06:38:17.031,10.28858,10.29051,1.00,1.37
2018.04.09 06:38:17.083,10.28869,10.29052,1.00,1.37
2018.04.09 06:38:17.134,10.28869,10.29052,1.00,1.00
2018.04.09 06:38:17.186,10.28869,10.29037,1.50,1.00
2018.04.09 06:38:18.511,10.28858,10.29014,1.00,1.00
2018.04.09 06:38:18.563,10.28856,10.29014,1.00,1.00
2018.04.09 06:38:21.519,10.28848,10.29014,1.00,1.00
2018.04.09 06:38:21.571,10.28821,10.29014,1.00,1.00
2018.04.09 06:38:21.623,10.28812,10.29014,1.37,1.00
2018.04.09 06:38:21.912,10.2882,10.29014,1.00,1.00
2018.04.09 06:38:22.263,10.28824,10.28992,1.00,1.00
2018.04.09 06:38:25.458,10.28824,10.29018,1.50,1.00
2018.04.09 06:38:25.618,10.28824,10.29031,1.50,1.50
2018.04.09 06:38:25.670,10.28846,10.29014,1.00,1.00
2018.04.09 06:38:33.985,10.28862,10.29014,1.00,1.00
2018.04.09 06:38:35.428,10.28846,10.29014,1.00,1.00
2018.04.09 06:38:41.627,10.28844,10.29033,1.00,1.00
2018.04.09 06:38:41.678,10.28865,10.29042,1.00,1.00
2018.04.09 06:38:41.985,10.28884,10.29066,1.00,1.37
2018.04.09 06:38:42.542,10.28884,10.29039,1.00,1.00
2018.04.09 06:38:42.707,10.28871,10.29039,1.00,1.00
2018.04.09 06:38:44.629,10.28833,10.29035,1.00,1.00
2018.04.09 06:38:44.843,10.28848,10.29018,1.00,1.00
2018.04.09 06:39:01.093,10.28853,10.29018,1.00,1.00
2018.04.09 06:39:01.144,10.28848,10.29018,1.00,1.00
2018.04.09 06:39:02.670,10.28855,10.29018,1.00,1.00
2018.04.09 06:39:04.782,10.28848,10.29018,1.00,1.00
2018.04.09 06:39:07.807,10.28846,10.29045,1.00,1.00
2018.04.09 06:39:08.196,10.28871,10.29039,1.00,1.00
2018.04.09 06:39:09.350,10.28849,10.29017,1.00,1.00
2018.04.09 06:39:09.666,10.28871,10.29039,1.00,1.00
2018.04.09 06:39:16.552,10.28863,10.29035,1.00,1.00
2018.04.09 06:39:16.603,10.28871,10.29039,1.00,1.00
2018.04.09 06:39:18.138,10.28871,10.29038,1.00,1.00
2018.04.09 06:39:19.453,10.28871,10.29039,1.00,1.00
2018.04.09 06:39:19.658,10.28863,10.29036,1.00,1.00
2018.04.09 06:39:19.895,10.28863,10.29017,1.00,1.00
2018.04.09 06:39:22.012,10.28856,10.29017,1.00,1.00
2018.04.09 06:39:33.949,10.28856,10.29037,1.00,1.00
2018.04.09 06:39:34.001,10.28868,10.29045,1.00,1.00
2018.04.09 06:39:34.353,10.2887,10.2904,1.00,1.00
2018.04.09 06:39:55.602,10.2887,10.29039,1.00,1.00
2018.04.09 06:39:56.358,10.2887,10.2904,1.00,1.00
2018.04.09 06:39:56.410,10.28852,10.29036,1.00,1.00
2018.04.09 06:39:56.772,10.28852,10.29017,1.00,1.00
2018.04.09 06:39:59.539,10.28849,10.29017,1.50,1.00
2018.04.09 06:40:00.415,10.28851,10.29017,1.00,1.00
2018.04.09 06:40:05.254,10.28849,10.29017,1.00,1.00
2018.04.09 06:40:06.492,10.28858,10.29017,1.00,1.00
2018.04.09 06:40:06.544,10.28858,10.29035,1.00,1.00
2018.04.09 06:40:06.596,10.28858,10.2905,1.00,1.12
2018.04.09 06:40:06.648,10.28871,10.29058,1.00,1.37
2018.04.09 06:40:06.966,10.28871,10.29039,1.50,1.00
2018.04.09 06:40:08.210,10.28874,10.29039,1.00,1.00
2018.04.09 06:40:08.451,10.28871,10.29039,1.00,1.00
2018.04.09 06:40:12.687,10.28861,10.29035,1.00,1.00
2018.04.09 06:40:12.960,10.28861,10.29018,1.00,1.00
2018.04.09 06:40:14.277,10.28878,10.29018,1.00,1.00
2018.04.09 06:40:15.560,10.28888,10.29068,1.00,1.00
2018.04.09 06:40:15.612,10.28911,10.29078,1.00,1.00
2018.04.09 06:40:15.664,10.28911,10.2909,1.00,1.00
2018.04.09 06:40:15.715,10.28924,10.29116,1.00,1.00
2018.04.09 06:40:15.767,10.28947,10.29129,1.00,1.00
2018.04.09 06:40:15.818,10.28935,10.29129,1.00,1.50
2018.04.09 06:40:15.921,10.28947,10.29132,1.00,1.00
2018.04.09 06:40:16.023,10.28947,10.29139,1.00,1.00
2018.04.09 06:40:17.340,10.28935,10.29115,1.00,1.00
2018.04.09 06:40:20.346,10.28913,10.29104,1.00,1.00
2018.04.09 06:40:20.404,10.28903,10.29095,1.00,1.00
2018.04.09 06:40:20.610,10.28903,10.29091,1.00,1.00
2018.04.09 06:40:22.182,10.28905,10.29091,1.00,1.00
2018.04.09 06:40:22.906,10.28903,10.29091,1.00,1.00
2018.04.09 06:40:37.162,10.289,10.29091,1.00,1.00
2018.04.09 06:40:44.477,10.2891,10.29091,1.00,1.00
2018.04.09 06:40:50.517,10.28911,10.29091,1.00,1.00
2018.04.09 06:40:51.057,10.2891,10.29091,1.00,1.00
2018.04.09 06:40:52.230,10.28909,10.29091,1.00,1.00
2018.04.09 06:40:55.150,10.28912,10.29091,1.00,1.00
2018.04.09 06:40:55.312,10.28909,10.29091,1.00,1.00
2018.04.09 06:41:05.922,10.28909,10.29101,1.00,1.00
2018.04.09 06:41:05.973,10.28922,10.29114,1.00,1.00
2018.04.09 06:41:06.303,10.28999,10.29183,1.00,1.00
2018.04.09 06:41:06.666,10.29008,10.29194,1.00,1.00
2018.04.09 06:41:06.819,10.29012,10.29205,1.00,1.00
2018.04.09 06:41:07.455,10.29012,10.29204,1.00,1.00
2018.04.09 06:41:07.997,10.29013,10.29204,1.00,1.00
2018.04.09 06:41:08.263,10.29013,10.29188,1.00,1.00
2018.04.09 06:41:08.617,10.29013,10.29169,1.00,1.00
2018.04.09 06:41:08.794,10.29001,10.29169,1.00,1.00
2018.04.09 06:41:08.846,10.28989,10.29147,1.50,1.00
2018.04.09 06:41:09.255,10.28981,10.29147,1.00,1.00
2018.04.09 06:41:09.665,10.28985,10.29147,1.00,1.00
2018.04.09 06:41:15.861,10.28979,10.29147,1.00,1.00
2018.04.09 06:41:19.119,10.28952,10.29136,1.00,1.00
2018.04.09 06:41:19.170,10.28952,10.29141,1.00,1.00
2018.04.09 06:41:19.222,10.28942,10.29134,1.00,1.00
2018.04.09 06:41:19.878,10.28942,10.29125,1.00,1.00
2018.04.09 06:41:20.484,10.28942,10.29102,1.00,1.00
2018.04.09 06:41:20.690,10.28957,10.29125,1.00,1.00
2018.04.09 06:41:28.707,10.28942,10.29122,1.00,1.00
2018.04.09 06:41:28.759,10.28957,10.29125,1.00,1.00
2018.04.09 06:41:28.863,10.28942,10.29122,1.00,1.00
2018.04.09 06:41:29.170,10.28942,10.29102,1.00,1.00
2018.04.09 06:41:30.827,10.28957,10.29125,1.00,1.00
2018.04.09 06:41:31.055,10.28942,10.29102,1.00,1.00
2018.04.09 06:41:32.331,10.28957,10.29125,1.00,1.00
2018.04.09 06:41:35.894,10.28942,10.2912,1.00,1.00
2018.04.09 06:41:36.139,10.28942,10.29102,1.00,1.00
2018.04.09 06:41:36.241,10.28957,10.29125,1.00,1.00
2018.04.09 06:41:36.293,10.28964,10.29156,1.00,1.37
2018.04.09 06:41:36.344,10.29001,10.29181,1.00,1.00
2018.04.09 06:41:36.396,10.29006,10.29198,1.00,1.00
2018.04.09 06:41:36.448,10.29017,10.29209,1.00,1.00
2018.04.09 06:41:36.756,10.29044,10.29236,1.00,1.00
2018.04.09 06:41:37.064,10.29003,10.29173,1.00,1.00
2018.04.09 06:41:37.413,10.28955,10.29147,1.00,1.00
2018.04.09 06:41:38.159,10.28957,10.29125,1.00,1.00
2018.04.09 06:41:39.025,10.28979,10.29147,1.00,1.00
2018.04.09 06:41:39.816,10.28965,10.29127,1.00,1.00
2018.04.09 06:41:40.686,10.28959,10.29127,1.00,1.00
2018.04.09 06:42:00.182,10.28974,10.29127,1.50,1.00
2018.04.09 06:42:00.234,10.28982,10.29166,1.00,1.00
2018.04.09 06:42:00.285,10.28998,10.2919,1.00,1.00
2018.04.09 06:42:00.645,10.28982,10.2915,1.50,1.00
2018.04.09 06:42:00.748,10.28956,10.29126,1.00,1.00
2018.04.09 06:42:06.700,10.28935,10.29122,1.00,1.00
2018.04.09 06:42:07.076,10.28935,10.29102,1.00,1.00
2018.04.09 06:42:07.682,10.28934,10.29102,1.00,1.00
2018.04.09 06:42:08.938,10.28934,10.29102,1.75,1.00
2018.04.09 06:42:08.990,10.28934,10.29102,1.00,1.00
2018.04.09 06:42:16.288,10.2895,10.29126,1.00,1.00
2018.04.09 06:42:16.339,10.2895,10.29142,1.00,1.00
2018.04.09 06:42:16.391,10.28963,10.29145,1.00,1.00
2018.04.09 06:42:16.698,10.28942,10.29102,1.37,1.00
2018.04.09 06:42:17.676,10.28934,10.29102,1.00,1.00
2018.04.09 06:42:17.727,10.2894,10.29127,1.00,1.00
2018.04.09 06:42:17.881,10.28957,10.29125,1.00,1.00
2018.04.09 06:42:19.893,10.28934,10.29102,1.00,1.00
2018.04.09 06:42:20.354,10.28959,10.29115,1.00,1.00
2018.04.09 06:42:20.406,10.28959,10.29127,1.00,1.00
2018.04.09 06:42:20.458,10.28962,10.29154,1.00,1.00
2018.04.09 06:42:21.387,10.28982,10.2915,1.00,1.00
2018.04.09 06:42:21.916,10.28962,10.29127,1.00,1.00
2018.04.09 06:42:22.012,10.28959,10.29127,1.00,1.00
2018.04.09 06:42:23.005,10.2894,10.2912,1.00,1.00
2018.04.09 06:42:23.270,10.2894,10.29126,1.00,1.00
2018.04.09 06:42:23.588,10.28957,10.29125,1.00,1.00
2018.04.09 06:42:25.365,10.28941,10.2912,1.00,1.50
2018.04.09 06:42:25.570,10.28941,10.29103,1.00,1.00
2018.04.09 06:42:27.160,10.28941,10.2912,1.00,1.50
2018.04.09 06:42:27.211,10.2892,10.29112,1.00,1.50
2018.04.09 06:42:27.262,10.2892,10.29102,1.00,1.00
2018.04.09 06:42:27.313,10.28909,10.29092,1.00,1.00
2018.04.09 06:42:27.466,10.28898,10.29083,1.37,1.00
2018.04.09 06:42:27.771,10.28886,10.29067,1.00,1.00
2018.04.09 06:42:27.822,10.28861,10.29054,1.37,1.00
2018.04.09 06:42:28.719,10.28882,10.2905,1.00,1.00
2018.04.09 06:42:37.452,10.28881,10.29058,1.00,1.00
2018.04.09 06:42:37.503,10.28901,10.29051,1.00,1.00
2018.04.09 06:42:37.555,10.28901,10.29084,1.00,1.00
2018.04.09 06:42:37.607,10.28918,10.29091,1.00,1.00
2018.04.09 06:42:37.658,10.28918,10.2911,1.00,1.00
2018.04.09 06:42:37.863,10.28929,10.29115,1.00,1.00
