2015.02.26 18:00:00.533,9.39899,9.40298,1.75,1.00
2015.02.26 18:00:02.967,9.39899,9.40321,1.75,1.07
2015.02.26 18:00:03.295,9.39899,9.40321,1.75,1.00
2015.02.26 18:00:03.447,9.39893,9.40344,1.12,1.37
2015.02.26 18:00:03.649,9.39902,9.40344,1.12,1.00
2015.02.26 18:00:04.553,9.39899,9.40318,1.75,1.00
2015.02.26 18:00:04.705,9.39899,9.40318,1.75,1.00
2015.02.26 18:00:10.895,9.39899,9.4034,1.75,1.12
2015.02.26 18:00:10.997,9.39899,9.4034,1.75,1.07
2015.02.26 18:00:11.199,9.39894,9.40348,1.12,1.37
2015.02.26 18:00:11.250,9.39886,9.40348,1.87,1.37
2015.02.26 18:00:13.686,9.39894,9.40368,1.12,1.75
2015.02.26 18:00:13.990,9.39918,9.40374,1.12,2.32
2015.02.26 18:00:24.234,9.39886,9.40345,2.44,1.00
2015.02.26 18:00:24.285,9.39886,9.40345,2.44,1.00
2015.02.26 18:00:29.725,9.39886,9.40332,2.25,1.00
2015.02.26 18:00:37.874,9.39976,9.40352,1.00,1.10
2015.02.26 18:00:38.077,9.39996,9.40441,2.62,1.75
2015.02.26 18:00:38.279,9.39996,9.40447,2.62,1.07
2015.02.26 18:00:39.663,9.40019,9.40447,1.75,1.37
2015.02.26 18:00:44.546,9.40099,9.40447,1.00,1.75
2015.02.26 18:00:44.647,9.39996,9.40447,2.44,1.75
2015.02.26 18:00:44.698,9.39996,9.40405,2.44,1.00
2015.02.26 18:00:44.749,9.39996,9.40405,2.06,1.50
2015.02.26 18:00:44.951,9.39996,9.40405,1.69,1.75
2015.02.26 18:00:45.645,9.39926,9.40381,2.44,1.37
2015.02.26 18:00:45.696,9.39939,9.40359,1.31,1.00
2015.02.26 18:00:45.898,9.39926,9.40379,2.44,1.37
2015.02.26 18:00:46.000,9.39919,9.40334,1.31,1.50
2015.02.26 18:00:46.305,9.39918,9.40334,1.31,1.50
2015.02.26 18:00:46.862,9.39867,9.40334,1.94,1.50
2015.02.26 18:00:46.913,9.39847,9.4033,1.94,1.00
2015.02.26 18:00:54.720,9.39942,9.4033,1.00,1.00
2015.02.26 18:00:55.037,9.40094,9.4047,1.00,1.94
2015.02.26 18:00:55.547,9.40094,9.40493,1.00,1.94
2015.02.26 18:00:56.316,9.40111,9.40493,1.00,1.94
2015.02.26 18:00:56.720,9.40154,9.40493,1.00,1.94
2015.02.26 18:00:56.973,9.40154,9.40493,1.00,1.94
2015.02.26 18:00:58.042,9.40184,9.40457,1.00,1.94
2015.02.26 18:01:07.170,9.40184,9.40457,1.00,1.94
2015.02.26 18:01:12.982,9.40184,9.40457,1.00,1.94
2015.02.26 18:01:15.233,9.40184,9.40457,1.00,1.94
2015.02.26 18:01:18.531,9.40184,9.40457,1.07,1.56
2015.02.26 18:01:18.842,9.40184,9.40457,1.07,1.37
2015.02.26 18:01:18.894,9.40181,9.40513,1.37,2.06
2015.02.26 18:01:18.945,9.40181,9.40513,1.75,2.06
2015.02.26 18:01:19.776,9.40219,9.40492,1.00,1.31
2015.02.26 18:01:21.903,9.40219,9.40492,1.00,1.31
2015.02.26 18:01:48.742,9.40219,9.40492,1.00,1.75
2015.02.26 18:01:49.770,9.40219,9.40492,1.00,1.07
2015.02.26 18:01:50.402,9.40219,9.40492,1.00,1.26
2015.02.26 18:01:53.727,9.40219,9.40492,1.00,1.26
2015.02.26 18:01:55.896,9.40219,9.40492,1.00,1.26
2015.02.26 18:01:57.906,9.40219,9.40492,1.00,1.26
2015.02.26 18:02:00.163,9.40219,9.40492,1.00,1.26
2015.02.26 18:02:02.421,9.40219,9.40492,1.00,1.26
2015.02.26 18:02:03.043,9.40219,9.40492,1.00,1.26
2015.02.26 18:02:05.231,9.40219,9.40492,1.00,1.26
2015.02.26 18:02:09.945,9.40219,9.40492,1.00,1.26
2015.02.26 18:02:11.851,9.40219,9.40492,1.00,1.07
2015.02.26 18:02:12.239,9.40219,9.40492,1.00,1.75
2015.02.26 18:02:12.620,9.40219,9.40492,1.00,1.75
2015.02.26 18:02:19.747,9.40106,9.40525,1.19,1.94
2015.02.26 18:02:22.580,9.40096,9.40525,1.19,1.94
2015.02.26 18:02:25.113,9.40086,9.40525,1.26,1.94
2015.02.26 18:02:25.214,9.40086,9.40525,1.26,1.94
2015.02.26 18:02:27.191,9.40086,9.40525,1.26,1.94
2015.02.26 18:02:32.101,9.40096,9.40525,1.19,1.94
2015.02.26 18:02:34.297,9.40105,9.40529,1.19,1.31
2015.02.26 18:02:34.501,9.40096,9.40529,1.19,1.31
2015.02.26 18:02:35.532,9.40116,9.40529,1.19,1.31
2015.02.26 18:02:36.351,9.40116,9.40529,1.19,1.31
2015.02.26 18:02:36.402,9.40116,9.40529,1.19,1.31
2015.02.26 18:02:38.782,9.40116,9.40529,1.19,1.31
2015.02.26 18:02:40.822,9.40096,9.40529,1.19,1.31
2015.02.26 18:02:42.201,9.40106,9.40529,1.19,1.31
2015.02.26 18:02:42.783,9.40096,9.40529,1.19,1.31
2015.02.26 18:02:43.102,9.40106,9.40506,1.19,1.94
2015.02.26 18:02:43.563,9.40106,9.40529,1.19,1.31
2015.02.26 18:02:46.532,9.40106,9.40529,1.19,1.31
2015.02.26 18:02:46.738,9.40106,9.40529,1.19,1.31
2015.02.26 18:02:49.339,9.40106,9.40529,1.19,1.31
2015.02.26 18:02:52.328,9.40115,9.40508,1.19,1.94
2015.02.26 18:02:54.149,9.40115,9.40508,1.19,1.94
2015.02.26 18:02:56.796,9.40115,9.40518,1.19,1.94
2015.02.26 18:02:57.132,9.40115,9.40541,1.19,1.94
2015.02.26 18:02:58.545,9.40116,9.40541,1.19,1.94
2015.02.26 18:02:59.030,9.40105,9.40541,1.56,1.94
2015.02.26 18:03:01.988,9.40105,9.40541,1.56,1.94
2015.02.26 18:03:02.732,9.40126,9.40541,1.19,1.94
2015.02.26 18:03:03.311,9.40146,9.40541,1.19,1.94
2015.02.26 18:03:03.851,9.40146,9.40554,1.19,1.31
2015.02.26 18:03:04.996,9.40136,9.40554,1.19,1.31
2015.02.26 18:03:06.901,9.40136,9.40554,1.19,1.31
2015.02.26 18:03:08.143,9.40136,9.40554,1.19,1.31
2015.02.26 18:03:13.157,9.40136,9.40554,1.19,1.31
2015.02.26 18:03:15.316,9.40136,9.40554,1.19,1.31
2015.02.26 18:03:17.924,9.40125,9.4054,1.19,1.56
2015.02.26 18:03:18.025,9.40125,9.4054,1.00,1.56
2015.02.26 18:03:18.075,9.40125,9.40458,1.00,1.00
2015.02.26 18:03:18.379,9.40096,9.40344,1.00,1.19
2015.02.26 18:03:18.661,9.40086,9.40344,1.00,1.19
2015.02.26 18:03:18.827,9.40086,9.40334,1.00,1.19
2015.02.26 18:03:18.878,9.39976,9.40335,1.19,1.19
2015.02.26 18:03:18.929,9.39976,9.40324,1.00,1.94
2015.02.26 18:03:19.030,9.39976,9.40294,1.00,2.44
2015.02.26 18:03:19.081,9.39936,9.40294,1.19,2.44
2015.02.26 18:03:19.334,9.39936,9.40246,1.00,1.19
2015.02.26 18:03:19.841,9.39916,9.40246,1.19,1.19
2015.02.26 18:03:20.060,9.39916,9.40246,1.00,1.19
2015.02.26 18:03:20.208,9.39856,9.40246,1.26,1.19
2015.02.26 18:03:20.363,9.39856,9.40198,1.00,1.19
2015.02.26 18:03:20.878,9.39845,9.40198,1.00,1.94
2015.02.26 18:03:21.182,9.39776,9.40171,1.56,1.69
2015.02.26 18:03:22.038,9.39786,9.40171,1.00,1.50
2015.02.26 18:03:22.089,9.39756,9.40171,1.26,1.50
2015.02.26 18:03:22.140,9.39756,9.40171,1.26,1.75
2015.02.26 18:03:22.466,9.39756,9.40148,1.19,1.37
2015.02.26 18:03:23.113,9.39746,9.40148,1.19,1.82
2015.02.26 18:03:23.419,9.39746,9.40125,1.19,1.00
2015.02.26 18:03:23.730,9.39756,9.40125,1.19,1.07
2015.02.26 18:03:24.138,9.39756,9.40122,1.19,1.10
2015.02.26 18:03:26.762,9.39756,9.40122,1.00,1.10
2015.02.26 18:03:31.281,9.39726,9.40122,1.76,1.10
2015.02.26 18:03:32.172,9.39726,9.40122,1.76,1.10
2015.02.26 18:03:32.688,9.39726,9.40125,2.06,1.00
2015.02.26 18:03:32.791,9.39726,9.40149,2.06,1.26
2015.02.26 18:03:33.533,9.39726,9.40149,2.06,1.00
2015.02.26 18:03:33.960,9.39726,9.40149,2.44,1.00
2015.02.26 18:03:34.333,9.39726,9.40149,2.06,1.07
2015.02.26 18:03:35.178,9.39726,9.40171,2.44,1.00
2015.02.26 18:03:36.398,9.39726,9.40171,2.44,1.00
2015.02.26 18:03:44.671,9.39726,9.40171,2.44,1.00
2015.02.26 18:03:45.980,9.39726,9.40171,2.44,1.00
2015.02.26 18:03:46.182,9.39726,9.40171,2.44,1.00
2015.02.26 18:03:46.669,9.39804,9.40171,1.00,1.00
2015.02.26 18:03:46.992,9.39814,9.40214,1.19,1.87
2015.02.26 18:03:47.310,9.39868,9.40259,1.19,1.94
2015.02.26 18:03:47.721,9.39868,9.40235,1.19,1.00
2015.02.26 18:03:47.823,9.39868,9.4026,1.19,1.00
2015.02.26 18:03:47.924,9.39868,9.4026,1.19,1.00
2015.02.26 18:03:47.975,9.39868,9.4028,1.19,1.00
2015.02.26 18:03:48.027,9.39868,9.40284,1.19,1.50
2015.02.26 18:03:48.129,9.39928,9.40284,1.00,1.50
2015.02.26 18:03:48.506,9.39928,9.40284,1.19,1.50
2015.02.26 18:03:48.861,9.39928,9.40284,1.26,1.50
2015.02.26 18:03:49.164,9.39928,9.40336,1.26,1.00
2015.02.26 18:03:51.407,9.39928,9.40336,1.26,1.00
2015.02.26 18:03:53.542,9.39968,9.40336,1.00,1.00
2015.02.26 18:03:58.870,9.39969,9.40336,1.00,1.00
2015.02.26 18:04:04.499,9.3997,9.40336,1.00,1.00
2015.02.26 18:04:08.730,9.3997,9.4035,1.00,1.00
2015.02.26 18:04:12.038,9.40049,9.4035,1.00,1.00
2015.02.26 18:04:12.190,9.40078,9.40444,1.19,1.87
2015.02.26 18:04:12.241,9.40177,9.40444,1.00,1.87
2015.02.26 18:04:12.680,9.40177,9.40501,1.00,1.94
2015.02.26 18:04:12.932,9.40177,9.40522,1.00,1.19
2015.02.26 18:04:13.084,9.40177,9.40524,1.00,1.07
2015.02.26 18:04:14.238,9.40178,9.40524,1.00,1.07
2015.02.26 18:04:15.165,9.40219,9.40492,1.00,1.00
2015.02.26 18:04:19.727,9.40223,9.40492,1.00,1.00
2015.02.26 18:04:19.870,9.40223,9.40544,1.00,1.87
2015.02.26 18:04:19.972,9.40223,9.40544,1.00,1.50
2015.02.26 18:04:20.326,9.40223,9.40573,1.25,1.62
2015.02.26 18:04:20.427,9.40223,9.40573,1.07,1.00
2015.02.26 18:04:20.478,9.40223,9.40593,1.07,1.00
2015.02.26 18:04:20.529,9.40283,9.40624,1.00,1.50
2015.02.26 18:04:24.068,9.40283,9.40638,1.00,1.07
2015.02.26 18:04:24.930,9.40283,9.40638,1.00,1.00
2015.02.26 18:04:26.353,9.40277,9.40638,1.00,1.00
2015.02.26 18:04:27.878,9.40277,9.40658,1.00,1.82
2015.02.26 18:04:30.835,9.40277,9.40661,1.07,1.82
2015.02.26 18:04:32.598,9.40278,9.40637,1.07,1.00
2015.02.26 18:04:44.142,9.40268,9.40637,1.00,1.00
2015.02.26 18:04:44.193,9.40268,9.40597,1.00,1.00
2015.02.26 18:04:44.497,9.40268,9.40574,1.00,1.50
2015.02.26 18:04:44.548,9.40216,9.40574,1.00,1.50
2015.02.26 18:04:48.515,9.40216,9.40573,1.00,1.00
2015.02.26 18:04:51.067,9.402,9.40573,1.07,1.00
2015.02.26 18:05:01.876,9.402,9.40497,1.00,1.19
2015.02.26 18:05:02.182,9.40118,9.4043,1.00,1.19
2015.02.26 18:05:02.687,9.40118,9.40403,1.00,1.19
2015.02.26 18:05:03.890,9.40118,9.40334,1.00,1.00
2015.02.26 18:05:04.905,9.40118,9.40334,1.00,1.19
2015.02.26 18:05:05.278,9.40118,9.40275,1.00,1.00
2015.02.26 18:05:05.632,9.40118,9.40293,1.00,1.00
2015.02.26 18:05:05.733,9.40118,9.4027,1.00,1.00
2015.02.26 18:05:24.167,9.40066,9.4027,1.00,1.00
2015.02.26 18:05:53.127,9.40071,9.4027,1.00,1.00
2015.02.26 18:05:59.191,9.40079,9.4027,1.00,1.00
2015.02.26 18:06:05.901,9.40079,9.40394,1.00,1.94
2015.02.26 18:06:07.202,9.40079,9.40394,1.00,1.94
2015.02.26 18:06:09.455,9.40079,9.40394,1.00,1.94
2015.02.26 18:06:12.618,9.40079,9.40404,1.00,1.94
2015.02.26 18:06:15.024,9.40079,9.40404,1.00,1.94
2015.02.26 18:06:21.749,9.40079,9.40404,1.00,1.94
2015.02.26 18:06:23.069,9.40077,9.40404,1.00,1.94
2015.02.26 18:06:23.178,9.40077,9.40404,1.00,1.94
2015.02.26 18:06:23.281,9.40078,9.40404,1.00,1.94
2015.02.26 18:06:26.069,9.40086,9.40407,1.00,1.31
2015.02.26 18:06:28.353,9.40086,9.40407,1.00,1.31
2015.02.26 18:06:30.376,9.40078,9.40407,1.19,1.31
2015.02.26 18:06:32.224,9.40086,9.40407,1.00,1.31
2015.02.26 18:06:33.764,9.40086,9.40407,1.00,1.31
2015.02.26 18:06:38.703,9.40086,9.40405,1.00,1.94
2015.02.26 18:06:40.783,9.40086,9.40405,1.00,1.94
2015.02.26 18:06:49.340,9.40086,9.40405,1.50,1.94
2015.02.26 18:06:55.465,9.40086,9.40407,1.00,1.31
2015.02.26 18:06:59.869,9.40077,9.40407,1.00,1.31
2015.02.26 18:06:59.920,9.40082,9.40407,1.00,1.31
2015.02.26 18:07:11.448,9.40082,9.40407,1.00,1.31
2015.02.26 18:07:14.961,9.40082,9.40407,1.00,1.31
2015.02.26 18:07:17.767,9.40082,9.40407,1.00,1.31
2015.02.26 18:07:21.074,9.40082,9.40407,1.00,1.31
2015.02.26 18:07:27.119,9.40082,9.40406,1.00,1.31
2015.02.26 18:07:27.935,9.40084,9.40406,1.00,1.31
2015.02.26 18:07:29.389,9.40084,9.40406,1.00,1.31
2015.02.26 18:07:34.816,9.40084,9.40406,1.00,1.31
2015.02.26 18:07:37.103,9.40084,9.40406,1.00,1.31
2015.02.26 18:07:37.716,9.40085,9.40406,1.00,1.31
2015.02.26 18:07:38.226,9.40086,9.40406,1.00,1.31
2015.02.26 18:07:39.406,9.40086,9.40406,1.00,1.31
2015.02.26 18:07:41.138,9.40085,9.40406,1.00,1.31
2015.02.26 18:07:42.115,9.40085,9.40406,1.00,1.31
2015.02.26 18:07:51.159,9.40085,9.40406,1.00,1.31
2015.02.26 18:07:58.136,9.40086,9.40406,1.00,1.31
2015.02.26 18:08:02.318,9.40096,9.40406,1.00,1.31
2015.02.26 18:08:38.175,9.40095,9.40407,1.00,1.31
2015.02.26 18:08:38.620,9.40095,9.40407,1.00,1.31
2015.02.26 18:08:42.158,9.40095,9.40407,1.00,1.31
2015.02.26 18:08:44.933,9.40095,9.40407,1.00,1.31
2015.02.26 18:08:45.988,9.40086,9.40407,1.00,1.31
2015.02.26 18:08:47.439,9.40086,9.40407,1.00,1.31
2015.02.26 18:09:12.004,9.40086,9.40407,1.00,1.31
2015.02.26 18:09:19.115,9.40086,9.40407,1.00,1.31
2015.02.26 18:09:22.722,9.40086,9.40407,1.00,1.31
2015.02.26 18:09:29.134,9.40086,9.40408,1.00,1.31
2015.02.26 18:09:32.840,9.40086,9.40408,1.00,1.31
2015.02.26 18:09:57.081,9.40086,9.40408,1.00,1.31
2015.02.26 18:09:59.485,9.40086,9.40408,1.00,1.31
2015.02.26 18:10:03.710,9.40086,9.40408,1.00,1.31
2015.02.26 18:10:09.148,9.40085,9.40408,1.25,1.31
2015.02.26 18:10:21.843,9.40084,9.40408,1.19,1.31
2015.02.26 18:10:28.695,9.40084,9.40407,1.19,1.31
2015.02.26 18:10:39.480,9.40085,9.40407,1.00,1.31
2015.02.26 18:10:42.315,9.40085,9.40407,1.19,1.31
2015.02.26 18:10:45.607,9.40085,9.40407,1.00,1.31
2015.02.26 18:11:00.623,9.40085,9.40407,1.50,1.31
2015.02.26 18:11:03.575,9.40085,9.40407,1.69,1.31
2015.02.26 18:11:03.626,9.40096,9.40407,1.00,1.31
2015.02.26 18:11:03.828,9.40096,9.40407,1.00,1.31
2015.02.26 18:11:05.652,9.40096,9.40407,1.00,1.31
2015.02.26 18:11:08.960,9.40096,9.40407,1.00,1.31
2015.02.26 18:11:20.207,9.40096,9.40407,1.00,1.31
2015.02.26 18:11:21.626,9.40096,9.40407,1.00,1.31
2015.02.26 18:11:21.677,9.4009,9.40444,1.00,1.94
2015.02.26 18:11:21.728,9.4009,9.40444,1.00,1.25
2015.02.26 18:11:21.829,9.4009,9.40463,1.19,1.01
2015.02.26 18:11:22.895,9.40154,9.40494,1.00,2.06
2015.02.26 18:11:23.047,9.40154,9.40494,1.00,1.69
2015.02.26 18:11:23.098,9.40154,9.40494,1.00,1.50
2015.02.26 18:11:30.594,9.40154,9.40546,1.00,1.19
2015.02.26 18:11:30.695,9.40181,9.40546,1.00,1.19
2015.02.26 18:11:31.022,9.40181,9.40546,1.00,1.19
2015.02.26 18:11:34.711,9.40181,9.40546,1.00,1.19
2015.02.26 18:11:36.301,9.40189,9.40546,1.00,1.19
2015.02.26 18:11:37.218,9.40189,9.40546,1.00,1.19
2015.02.26 18:11:41.729,9.40189,9.40546,1.00,1.19
2015.02.26 18:11:43.983,9.40189,9.40545,1.00,1.26
2015.02.26 18:11:49.544,9.40189,9.40545,1.00,1.26
2015.02.26 18:11:51.869,9.40189,9.40545,1.00,1.26
2015.02.26 18:11:55.159,9.40189,9.40545,1.00,1.26
2015.02.26 18:11:58.199,9.40189,9.40545,1.00,1.26
2015.02.26 18:12:00.588,9.40189,9.40545,1.00,1.26
2015.02.26 18:12:02.894,9.40189,9.40545,1.00,1.26
2015.02.26 18:12:03.114,9.40189,9.40545,1.00,1.07
2015.02.26 18:12:03.519,9.40189,9.4056,1.00,1.37
2015.02.26 18:12:07.807,9.40189,9.4056,1.00,1.56
2015.02.26 18:12:10.710,9.40189,9.4056,1.00,1.56
2015.02.26 18:12:12.714,9.40189,9.4056,1.00,1.56
2015.02.26 18:12:13.024,9.40201,9.4056,1.00,1.56
2015.02.26 18:12:14.818,9.40201,9.4056,1.00,1.56
2015.02.26 18:12:17.903,9.40201,9.4056,1.00,1.56
2015.02.26 18:12:20.530,9.40201,9.4056,1.00,1.56
2015.02.26 18:12:22.462,9.40203,9.4056,1.00,1.56
2015.02.26 18:12:25.541,9.40203,9.40566,1.00,1.56
2015.02.26 18:12:28.346,9.40203,9.40566,1.00,1.56
2015.02.26 18:12:28.813,9.40203,9.40566,1.00,1.94
2015.02.26 18:12:29.633,9.40208,9.40566,1.00,1.94
2015.02.26 18:12:29.835,9.40208,9.40552,1.00,1.01
2015.02.26 18:12:29.886,9.40148,9.40552,1.00,1.01
2015.02.26 18:12:30.038,9.40148,9.40523,1.00,1.00
2015.02.26 18:12:30.562,9.40148,9.40504,1.00,1.50
2015.02.26 18:12:34.857,9.40148,9.40504,1.00,1.69
2015.02.26 18:12:38.385,9.40148,9.40504,1.00,1.69
2015.02.26 18:12:40.246,9.4015,9.40504,1.00,1.69
2015.02.26 18:12:41.070,9.4015,9.40504,1.00,1.69
2015.02.26 18:12:43.324,9.4015,9.40504,1.00,1.69
2015.02.26 18:12:43.779,9.4015,9.40504,1.00,2.06
2015.02.26 18:12:44.083,9.4015,9.40442,1.00,1.19
2015.02.26 18:12:45.403,9.4015,9.40353,1.00,1.00
2015.02.26 18:12:46.174,9.4015,9.40333,1.00,1.00
2015.02.26 18:12:46.503,9.4015,9.40305,1.00,1.00
2015.02.26 18:12:59.686,9.40106,9.40305,1.00,1.00
2015.02.26 18:13:46.762,9.40106,9.40432,1.00,1.31
2015.02.26 18:13:48.515,9.40106,9.40432,1.00,1.31
2015.02.26 18:13:52.930,9.40106,9.40409,1.00,1.31
2015.02.26 18:13:55.274,9.40106,9.40424,1.00,1.31
2015.02.26 18:13:57.842,9.40106,9.40424,1.00,1.31
2015.02.26 18:14:02.581,9.40104,9.40424,1.00,1.31
2015.02.26 18:14:02.732,9.40106,9.40424,1.00,1.31
2015.02.26 18:14:03.637,9.40106,9.40424,1.00,1.31
2015.02.26 18:14:06.798,9.40106,9.40424,1.00,1.31
2015.02.26 18:14:11.748,9.40106,9.40424,1.00,1.31
2015.02.26 18:14:19.232,9.40105,9.40423,1.00,1.94
2015.02.26 18:14:20.944,9.40106,9.40424,1.00,1.31
2015.02.26 18:14:21.152,9.40106,9.40424,1.00,1.31
2015.02.26 18:14:23.130,9.40106,9.40424,1.00,1.31
2015.02.26 18:14:25.564,9.40106,9.40424,1.00,1.31
2015.02.26 18:14:25.850,9.40106,9.40424,1.00,1.31
2015.02.26 18:14:26.081,9.40116,9.40429,1.00,1.31
2015.02.26 18:14:27.678,9.40116,9.40429,1.00,1.31
2015.02.26 18:14:30.345,9.40116,9.40429,1.00,1.31
2015.02.26 18:14:32.949,9.40116,9.40429,1.00,1.31
2015.02.26 18:14:37.959,9.40116,9.40429,1.00,1.31
2015.02.26 18:14:40.265,9.40116,9.40429,1.00,1.31
2015.02.26 18:14:40.602,9.40111,9.40429,1.00,1.31
2015.02.26 18:14:40.653,9.40113,9.40429,1.00,1.31
2015.02.26 18:14:43.293,9.40113,9.40406,1.00,1.01
2015.02.26 18:14:45.780,9.40113,9.40406,1.00,1.01
2015.02.26 18:14:47.663,9.40094,9.40406,1.00,1.31
2015.02.26 18:14:47.713,9.40094,9.40406,1.00,1.31
2015.02.26 18:14:48.017,9.40094,9.40401,1.00,1.31
2015.02.26 18:14:48.415,9.40094,9.40401,1.00,1.31
2015.02.26 18:14:58.605,9.40098,9.40401,1.00,1.31
2015.02.26 18:15:08.343,9.40098,9.40401,1.00,1.31
2015.02.26 18:15:08.445,9.39971,9.40174,1.00,1.00
2015.02.26 18:15:08.546,9.39971,9.40174,1.00,1.19
2015.02.26 18:15:08.749,9.39829,9.40114,1.00,1.94
2015.02.26 18:15:08.952,9.39765,9.40079,1.00,1.31
2015.02.26 18:15:09.901,9.39776,9.40074,1.00,2.06
2015.02.26 18:15:10.411,9.39765,9.40057,1.00,1.56
2015.02.26 18:15:10.864,9.39765,9.40027,1.00,1.19
2015.02.26 18:15:12.143,9.39765,9.39965,1.00,1.00
2015.02.26 18:15:12.365,9.39736,9.39965,1.00,1.00
2015.02.26 18:15:13.181,9.39736,9.39925,1.00,1.00
2015.02.26 18:15:15.821,9.39716,9.39925,1.00,1.00
2015.02.26 18:15:16.134,9.39726,9.39925,1.00,1.00
2015.02.26 18:15:17.162,9.39706,9.39925,1.00,1.00
2015.02.26 18:15:30.862,9.39732,9.40049,1.00,1.31
2015.02.26 18:15:31.058,9.39732,9.40074,1.19,2.44
2015.02.26 18:15:32.742,9.39732,9.40005,2.44,1.00
2015.02.26 18:15:33.892,9.39732,9.40005,2.44,1.00
2015.02.26 18:15:41.408,9.39746,9.40005,1.19,1.00
2015.02.26 18:15:44.415,9.39746,9.40005,1.19,1.00
2015.02.26 18:15:51.156,9.39779,9.40005,1.19,1.00
2015.02.26 18:15:53.735,9.39779,9.40005,1.19,1.00
2015.02.26 18:15:59.547,9.3978,9.40005,1.19,1.00
2015.02.26 18:16:01.852,9.3978,9.40005,1.19,1.00
2015.02.26 18:16:08.165,9.39777,9.40005,1.19,1.00
2015.02.26 18:16:10.871,9.39777,9.40005,1.19,1.00
2015.02.26 18:16:13.177,9.39777,9.40005,1.19,1.00
2015.02.26 18:16:13.793,9.3977,9.40005,1.00,1.00
2015.02.26 18:16:13.894,9.3977,9.40002,1.00,1.00
2015.02.26 18:16:14.293,9.3977,9.39983,1.00,1.00
2015.02.26 18:16:15.012,9.39706,9.39983,1.19,1.00
2015.02.26 18:16:15.063,9.39706,9.39961,1.19,1.00
2015.02.26 18:16:15.631,9.39706,9.3993,1.19,1.00
2015.02.26 18:16:16.821,9.39706,9.3993,1.00,1.00
2015.02.26 18:16:48.072,9.39706,9.39972,1.00,1.00
2015.02.26 18:16:52.432,9.39716,9.39972,1.00,1.00
2015.02.26 18:16:52.933,9.39705,9.39972,1.00,1.00
2015.02.26 18:16:57.480,9.39705,9.39972,1.00,1.19
2015.02.26 18:16:59.585,9.39705,9.39972,1.00,1.00
2015.02.26 18:17:02.930,9.39705,9.39972,1.00,1.19
2015.02.26 18:17:05.116,9.39705,9.39972,1.00,1.00
2015.02.26 18:17:06.129,9.39699,9.39972,1.00,1.00
2015.02.26 18:17:08.021,9.39699,9.39972,1.00,1.19
2015.02.26 18:17:11.928,9.39699,9.39972,1.00,1.19
2015.02.26 18:17:12.840,9.39706,9.39972,1.00,1.19
2015.02.26 18:17:13.197,9.39706,9.39972,1.00,1.26
2015.02.26 18:17:13.987,9.39706,9.39972,1.00,1.19
2015.02.26 18:17:14.532,9.39706,9.39972,1.00,1.00
2015.02.26 18:17:21.646,9.39706,9.39972,1.00,1.19
2015.02.26 18:17:24.086,9.39706,9.39972,1.00,1.00
2015.02.26 18:17:29.160,9.39706,9.39972,1.00,1.19
2015.02.26 18:17:31.265,9.39706,9.39972,1.00,1.19
2015.02.26 18:17:33.472,9.39706,9.39972,1.00,1.00
2015.02.26 18:17:35.218,9.39706,9.39972,1.00,1.07
2015.02.26 18:17:37.951,9.39706,9.39972,1.00,1.25
2015.02.26 18:17:38.152,9.39716,9.39972,1.00,1.25
2015.02.26 18:17:39.304,9.39716,9.39972,1.00,1.32
2015.02.26 18:17:40.390,9.39716,9.39972,1.00,1.26
2015.02.26 18:17:42.929,9.39716,9.39972,1.00,1.26
2015.02.26 18:17:45.234,9.39716,9.39972,1.00,1.26
2015.02.26 18:17:47.938,9.39716,9.39972,1.00,1.26
2015.02.26 18:17:48.901,9.39726,9.40033,1.00,1.31
2015.02.26 18:17:50.815,9.39726,9.40038,1.00,1.31
2015.02.26 18:17:51.824,9.39726,9.40053,1.00,1.31
2015.02.26 18:17:51.875,9.39706,9.40076,1.00,1.31
2015.02.26 18:17:52.078,9.39696,9.40081,1.00,1.01
2015.02.26 18:17:53.526,9.39698,9.40081,1.00,1.01
2015.02.26 18:17:53.931,9.39698,9.40113,1.19,1.56
2015.02.26 18:17:55.027,9.39698,9.40104,1.00,1.31
2015.02.26 18:17:55.179,9.39686,9.40104,1.50,1.31
2015.02.26 18:17:55.419,9.39696,9.40103,1.00,1.31
2015.02.26 18:17:55.752,9.39699,9.40103,1.00,1.31
2015.02.26 18:17:55.989,9.39699,9.40103,1.00,1.01
2015.02.26 18:17:57.205,9.39699,9.40139,1.00,1.75
2015.02.26 18:17:57.256,9.39731,9.40144,1.00,1.01
2015.02.26 18:17:57.772,9.39731,9.40144,1.00,1.01
2015.02.26 18:17:59.057,9.39731,9.40144,1.00,1.01
2015.02.26 18:18:00.010,9.39731,9.40145,1.00,1.01
2015.02.26 18:18:01.012,9.39731,9.40145,1.00,1.01
2015.02.26 18:18:02.041,9.39731,9.40144,1.00,1.50
2015.02.26 18:18:02.391,9.39769,9.40144,1.00,1.50
2015.02.26 18:18:04.850,9.39769,9.40144,1.00,1.69
2015.02.26 18:18:07.706,9.39769,9.40144,1.00,2.44
2015.02.26 18:18:09.964,9.39769,9.40144,1.00,1.69
2015.02.26 18:18:12.869,9.39769,9.40144,1.00,1.69
2015.02.26 18:18:21.686,9.39769,9.40144,1.00,1.69
2015.02.26 18:18:23.991,9.39769,9.40144,1.00,1.69
2015.02.26 18:18:36.230,9.39769,9.40144,1.00,1.69
2015.02.26 18:18:39.625,9.39769,9.40144,1.00,1.69
2015.02.26 18:18:42.949,9.39769,9.40144,1.00,1.69
2015.02.26 18:18:45.639,9.39769,9.40144,1.00,1.69
2015.02.26 18:18:53.356,9.39769,9.40144,1.00,1.69
2015.02.26 18:18:54.359,9.39769,9.40144,1.00,1.50
2015.02.26 18:18:54.566,9.39763,9.40144,1.00,1.50
2015.02.26 18:18:55.098,9.39769,9.40144,1.00,1.50
2015.02.26 18:18:55.675,9.39769,9.40144,1.00,1.57
2015.02.26 18:18:55.842,9.39769,9.40144,1.00,1.50
2015.02.26 18:18:59.805,9.39769,9.40144,1.00,1.69
2015.02.26 18:19:00.127,9.39788,9.40144,1.00,1.69
2015.02.26 18:19:01.776,9.39788,9.40159,1.00,1.01
2015.02.26 18:19:04.250,9.39788,9.40177,1.00,1.56
2015.02.26 18:19:06.856,9.39788,9.40177,1.00,1.94
2015.02.26 18:19:07.557,9.39788,9.40177,1.00,1.94
2015.02.26 18:19:07.709,9.3979,9.40166,1.00,1.01
2015.02.26 18:19:11.867,9.3979,9.40166,1.00,1.01
2015.02.26 18:19:14.474,9.3979,9.40177,1.00,1.56
2015.02.26 18:19:17.488,9.3979,9.40177,1.00,1.56
2015.02.26 18:19:19.584,9.3979,9.40177,1.00,1.56
2015.02.26 18:19:21.989,9.3979,9.40177,1.00,1.56
2015.02.26 18:19:22.575,9.39789,9.40177,1.00,1.56
2015.02.26 18:19:28.109,9.39789,9.40176,1.00,1.31
2015.02.26 18:19:46.851,9.39789,9.40173,1.00,1.31
2015.02.26 18:19:49.289,9.39789,9.40173,1.00,1.31
2015.02.26 18:19:49.852,9.3979,9.40173,1.00,1.31
2015.02.26 18:19:52.061,9.3979,9.40178,1.00,1.56
2015.02.26 18:19:55.193,9.3979,9.40178,1.00,1.56
2015.02.26 18:19:57.497,9.3979,9.40177,1.19,1.56
2015.02.26 18:19:58.075,9.39792,9.40177,1.00,1.56
2015.02.26 18:20:00.398,9.39792,9.40169,1.00,1.01
2015.02.26 18:20:02.895,9.39792,9.40161,1.00,1.01
2015.02.26 18:20:03.645,9.39793,9.40161,1.00,1.01
2015.02.26 18:20:05.898,9.39793,9.40161,1.00,1.01
2015.02.26 18:20:09.522,9.39793,9.40176,1.00,1.56
2015.02.26 18:20:10.037,9.39792,9.40176,1.00,2.06
2015.02.26 18:20:17.759,9.39792,9.40176,1.00,1.31
2015.02.26 18:20:18.628,9.39793,9.40176,1.00,1.31
2015.02.26 18:20:23.431,9.39793,9.40176,1.00,1.31
2015.02.26 18:20:39.364,9.39793,9.40176,1.00,1.31
2015.02.26 18:20:44.717,9.39796,9.40226,1.19,1.94
2015.02.26 18:20:44.818,9.39796,9.40226,1.00,1.94
2015.02.26 18:20:46.638,9.39796,9.40226,1.00,1.94
2015.02.26 18:20:48.587,9.39796,9.40226,1.00,1.94
2015.02.26 18:20:48.840,9.39839,9.40209,1.00,1.31
2015.02.26 18:20:49.709,9.39839,9.40242,1.00,1.12
2015.02.26 18:20:49.866,9.39839,9.40243,1.00,1.12
2015.02.26 18:20:50.130,9.39839,9.40243,1.00,1.12
2015.02.26 18:20:50.700,9.39839,9.40232,1.00,1.50
2015.02.26 18:20:57.034,9.39844,9.40232,1.00,1.69
2015.02.26 18:21:01.926,9.39844,9.40224,1.00,1.50
2015.02.26 18:21:02.078,9.39859,9.40224,1.00,1.50
2015.02.26 18:21:09.785,9.39876,9.40224,1.00,1.50
2015.02.26 18:21:10.167,9.39876,9.40224,1.00,1.87
2015.02.26 18:21:11.237,9.39876,9.40224,1.00,2.25
2015.02.26 18:21:19.686,9.39847,9.40224,1.00,2.81
2015.02.26 18:21:19.737,9.39847,9.40224,1.00,2.81
2015.02.26 18:21:19.787,9.39847,9.40224,1.00,2.81
2015.02.26 18:21:28.549,9.39851,9.40216,1.00,1.31
2015.02.26 18:21:31.911,9.39851,9.40216,1.00,1.31
2015.02.26 18:21:34.436,9.39856,9.40216,1.00,1.31
2015.02.26 18:21:36.924,9.39856,9.40216,1.00,1.31
2015.02.26 18:21:39.630,9.39856,9.40224,1.19,2.44
2015.02.26 18:21:41.734,9.39854,9.40224,1.25,2.44
2015.02.26 18:21:41.835,9.39854,9.40224,1.00,2.25
2015.02.26 18:21:46.583,9.39848,9.40208,1.00,1.31
2015.02.26 18:21:47.045,9.39848,9.40208,1.00,1.31
2015.02.26 18:21:51.781,9.39848,9.40224,1.00,2.44
2015.02.26 18:21:52.108,9.39841,9.40224,1.00,2.44
2015.02.26 18:21:52.411,9.39789,9.40104,1.00,1.50
2015.02.26 18:21:52.743,9.39789,9.40174,1.00,1.57
2015.02.26 18:21:53.948,9.39789,9.40174,1.00,1.87
2015.02.26 18:21:59.070,9.39789,9.4017,1.00,1.56
2015.02.26 18:21:59.171,9.39784,9.4017,1.00,1.56
2015.02.26 18:22:01.180,9.39784,9.4017,1.19,1.56
2015.02.26 18:22:01.780,9.39784,9.4017,1.00,1.37
2015.02.26 18:22:09.388,9.39779,9.4017,1.00,1.37
2015.02.26 18:22:10.797,9.39779,9.4017,1.00,1.37
2015.02.26 18:22:14.517,9.39779,9.4017,1.00,1.56
2015.02.26 18:22:14.723,9.39779,9.4017,1.00,1.94
2015.02.26 18:22:19.012,9.39779,9.4017,1.00,1.56
2015.02.26 18:22:21.616,9.39779,9.4017,1.00,1.56
2015.02.26 18:22:23.405,9.39779,9.4017,1.00,1.19
2015.02.26 18:22:23.920,9.39779,9.4017,1.00,1.00
2015.02.26 18:22:24.846,9.39759,9.4017,1.00,1.00
2015.02.26 18:22:24.947,9.39759,9.40174,1.00,1.50
2015.02.26 18:22:32.746,9.39787,9.40174,1.00,1.50
2015.02.26 18:22:52.897,9.39787,9.40206,1.00,1.37
2015.02.26 18:22:57.412,9.39787,9.40206,1.00,1.56
2015.02.26 18:22:59.605,9.39787,9.40206,1.00,1.56
2015.02.26 18:23:00.108,9.39786,9.40206,1.00,1.56
2015.02.26 18:23:02.111,9.39786,9.40206,1.00,1.56
2015.02.26 18:23:04.819,9.39786,9.40206,1.00,1.56
2015.02.26 18:23:06.866,9.39786,9.40198,1.00,1.37
2015.02.26 18:23:06.967,9.3979,9.40198,1.00,1.37
2015.02.26 18:23:07.292,9.3979,9.40169,1.00,1.00
2015.02.26 18:23:07.610,9.3979,9.40169,1.00,1.37
2015.02.26 18:23:07.967,9.3979,9.40169,1.00,1.00
2015.02.26 18:23:08.166,9.3979,9.40169,1.00,1.37
2015.02.26 18:23:09.179,9.3979,9.40169,1.00,1.00
2015.02.26 18:23:09.711,9.3979,9.40169,1.00,1.37
2015.02.26 18:23:13.598,9.39751,9.40169,1.00,1.56
2015.02.26 18:23:19.065,9.39751,9.40169,1.00,1.94
2015.02.26 18:23:19.116,9.39747,9.40169,1.19,1.94
2015.02.26 18:23:19.551,9.39747,9.40169,1.00,1.94
2015.02.26 18:23:22.156,9.39747,9.40169,1.00,1.94
2015.02.26 18:23:24.561,9.39747,9.40169,1.25,1.94
2015.02.26 18:23:25.141,9.39748,9.40169,1.00,1.94
2015.02.26 18:23:27.166,9.39748,9.40163,1.19,1.56
2015.02.26 18:23:28.879,9.39748,9.40163,1.00,1.37
2015.02.26 18:23:29.943,9.39744,9.40163,1.00,1.37
2015.02.26 18:23:30.873,9.39744,9.40163,1.00,1.56
2015.02.26 18:23:32.988,9.39744,9.40163,1.19,1.56
2015.02.26 18:23:35.897,9.39744,9.40163,1.19,1.56
2015.02.26 18:23:36.614,9.39747,9.40163,1.00,1.62
2015.02.26 18:23:38.686,9.39747,9.40163,1.00,1.56
2015.02.26 18:23:40.890,9.39747,9.40163,1.00,1.56
2015.02.26 18:23:41.098,9.39745,9.40163,1.00,1.56
2015.02.26 18:23:44.818,9.39745,9.40163,1.19,1.56
2015.02.26 18:23:45.600,9.39745,9.40163,1.00,1.62
2015.02.26 18:23:47.571,9.39741,9.40163,1.00,1.62
2015.02.26 18:23:47.723,9.39741,9.40156,1.19,1.56
2015.02.26 18:23:49.707,9.39741,9.40156,1.19,1.56
2015.02.26 18:23:52.412,9.39741,9.40156,1.19,1.56
2015.02.26 18:23:53.615,9.39745,9.40156,1.00,1.37
2015.02.26 18:24:04.011,9.39741,9.40156,1.00,1.37
2015.02.26 18:24:04.062,9.39741,9.40156,1.19,1.56
2015.02.26 18:24:06.255,9.39741,9.4017,1.19,1.56
2015.02.26 18:24:09.474,9.39741,9.40179,1.19,1.56
2015.02.26 18:24:09.783,9.39752,9.40179,1.00,1.56
2015.02.26 18:24:12.974,9.39752,9.40156,1.19,1.56
2015.02.26 18:24:14.349,9.39752,9.40156,1.00,1.37
2015.02.26 18:24:14.552,9.39744,9.40156,1.00,1.75
2015.02.26 18:24:20.542,9.39745,9.40156,1.00,1.37
2015.02.26 18:24:21.661,9.39745,9.40156,1.00,1.56
2015.02.26 18:24:24.065,9.39745,9.40156,1.19,1.56
2015.02.26 18:24:27.871,9.3974,9.40156,1.00,1.62
2015.02.26 18:24:29.903,9.3974,9.40156,1.19,1.56
2015.02.26 18:24:32.410,9.39742,9.40156,1.19,1.56
2015.02.26 18:24:32.780,9.39742,9.40156,1.00,1.37
2015.02.26 18:24:34.885,9.39742,9.40164,1.19,1.56
2015.02.26 18:24:35.547,9.39826,9.40188,1.50,1.94
2015.02.26 18:24:35.750,9.39742,9.40184,1.19,2.44
2015.02.26 18:24:35.801,9.39742,9.40184,1.56,2.44
2015.02.26 18:24:35.954,9.39886,9.40215,1.50,1.69
2015.02.26 18:24:36.509,9.39886,9.40242,1.50,1.94
2015.02.26 18:24:36.712,9.39886,9.40248,1.50,1.31
2015.02.26 18:24:36.763,9.39936,9.40253,1.50,1.01
2015.02.26 18:24:37.746,9.39936,9.40253,1.50,1.31
2015.02.26 18:24:38.085,9.39936,9.40253,1.50,1.31
2015.02.26 18:24:38.836,9.39936,9.40253,1.50,1.31
2015.02.26 18:24:39.039,9.39954,9.40289,1.00,1.31
2015.02.26 18:24:39.140,9.39954,9.40294,1.00,1.31
2015.02.26 18:24:40.047,9.39954,9.40294,1.19,1.31
2015.02.26 18:24:40.419,9.39978,9.40294,1.00,1.31
2015.02.26 18:24:40.884,9.39992,9.40294,1.00,1.01
2015.02.26 18:24:41.529,9.40014,9.40294,1.00,1.01
2015.02.26 18:24:41.874,9.40024,9.40301,1.00,1.01
2015.02.26 18:24:42.849,9.40003,9.40294,1.19,1.31
2015.02.26 18:24:42.951,9.40003,9.40294,1.00,1.01
2015.02.26 18:24:44.526,9.40003,9.40257,1.00,1.00
2015.02.26 18:24:47.267,9.40003,9.40257,1.00,1.19
2015.02.26 18:24:49.524,9.40003,9.40257,1.00,1.26
2015.02.26 18:24:51.544,9.40003,9.40257,1.00,1.07
2015.02.26 18:24:52.411,9.40004,9.40257,1.00,1.07
2015.02.26 18:25:04.885,9.40004,9.40257,1.19,1.07
2015.02.26 18:25:07.053,9.40004,9.40257,1.00,1.07
2015.02.26 18:25:22.377,9.40004,9.40257,1.00,1.26
2015.02.26 18:25:23.212,9.39994,9.40257,1.00,1.26
2015.02.26 18:25:24.394,9.39994,9.40257,1.00,1.26
2015.02.26 18:25:28.187,9.39994,9.40257,1.00,1.26
2015.02.26 18:25:30.425,9.39976,9.40257,1.00,1.26
2015.02.26 18:25:30.628,9.39976,9.40257,1.00,1.19
2015.02.26 18:25:30.729,9.39964,9.40257,1.00,1.19
2015.02.26 18:25:30.830,9.39915,9.4028,1.00,1.19
2015.02.26 18:25:32.342,9.39934,9.40257,1.19,1.19
2015.02.26 18:25:32.645,9.39959,9.40232,1.00,1.19
2015.02.26 18:25:33.903,9.39915,9.40227,1.19,1.19
2015.02.26 18:25:34.328,9.39944,9.40227,1.00,1.19
2015.02.26 18:25:34.430,9.39944,9.40227,1.25,1.19
2015.02.26 18:25:35.292,9.39958,9.40227,1.00,1.19
2015.02.26 18:25:36.132,9.39958,9.40274,1.00,1.19
2015.02.26 18:25:36.335,9.39919,9.40274,1.00,1.56
2015.02.26 18:25:37.336,9.39919,9.40227,1.00,1.19
2015.02.26 18:25:37.640,9.39931,9.40261,1.00,1.19
2015.02.26 18:25:37.958,9.39959,9.40232,1.00,1.19
2015.02.26 18:25:38.009,9.39959,9.40232,1.00,1.19
2015.02.26 18:25:38.298,9.39979,9.40232,1.00,1.19
2015.02.26 18:25:38.652,9.39979,9.40294,1.19,1.19
2015.02.26 18:25:39.944,9.39979,9.40314,1.29,1.19
2015.02.26 18:25:41.383,9.40034,9.40307,1.00,1.19
2015.02.26 18:25:41.484,9.39979,9.40284,1.00,1.19
2015.02.26 18:25:43.131,9.39962,9.40228,1.19,1.19
2015.02.26 18:25:43.417,9.39962,9.40228,1.00,1.19
2015.02.26 18:25:45.533,9.39962,9.40228,1.19,1.19
2015.02.26 18:25:49.225,9.39962,9.40228,1.00,1.19
2015.02.26 18:25:53.239,9.39953,9.40228,1.69,1.19
2015.02.26 18:25:55.033,9.39953,9.40227,1.00,1.19
2015.02.26 18:25:57.637,9.39953,9.40227,1.00,1.19
2015.02.26 18:25:59.741,9.39953,9.40227,1.00,1.19
2015.02.26 18:26:02.588,9.39957,9.40262,1.00,1.19
2015.02.26 18:26:02.785,9.39957,9.40262,1.00,1.19
2015.02.26 18:26:04.849,9.39957,9.40262,1.00,1.19
2015.02.26 18:26:08.554,9.39957,9.40262,1.00,1.19
2015.02.26 18:26:11.760,9.39957,9.40262,1.19,1.19
2015.02.26 18:26:15.002,9.39957,9.40262,1.19,1.19
2015.02.26 18:26:18.069,9.39957,9.40262,1.00,1.19
2015.02.26 18:26:23.780,9.39957,9.40262,1.19,1.19
2015.02.26 18:26:25.933,9.39957,9.40262,1.00,1.19
2015.02.26 18:26:26.802,9.39993,9.40266,1.00,1.19
2015.02.26 18:26:27.107,9.39993,9.40266,1.00,1.19
2015.02.26 18:26:27.158,9.39955,9.40315,1.00,1.56
2015.02.26 18:26:28.131,9.39963,9.40356,1.00,1.31
2015.02.26 18:26:28.233,9.39958,9.40355,1.00,1.31
2015.02.26 18:26:30.514,9.39958,9.40355,1.00,1.31
2015.02.26 18:26:32.995,9.39958,9.40355,1.19,1.31
2015.02.26 18:26:35.700,9.39958,9.40355,1.19,1.31
2015.02.26 18:26:38.243,9.39988,9.40355,1.19,1.31
2015.02.26 18:26:43.914,9.39988,9.40355,1.25,1.31
2015.02.26 18:26:48.025,9.39988,9.40355,1.00,1.31
2015.02.26 18:26:48.127,9.39995,9.40355,1.00,1.31
2015.02.26 18:26:50.373,9.39995,9.40356,1.00,1.31
2015.02.26 18:26:50.914,9.39998,9.40375,1.00,1.31
2015.02.26 18:26:53.436,9.39998,9.40375,1.00,1.31
2015.02.26 18:26:53.487,9.40005,9.40375,1.00,1.31
2015.02.26 18:26:55.877,9.40005,9.40375,1.00,1.31
2015.02.26 18:27:00.077,9.4001,9.40375,1.00,1.31
2015.02.26 18:27:00.178,9.4001,9.40375,1.00,1.31
2015.02.26 18:27:01.140,9.4001,9.40374,1.00,1.94
2015.02.26 18:27:03.054,9.4001,9.40374,1.00,1.94
2015.02.26 18:27:08.964,9.4001,9.40374,1.00,1.94
2015.02.26 18:27:09.066,9.4001,9.40374,1.00,1.75
2015.02.26 18:27:09.167,9.4001,9.40374,1.00,1.94
2015.02.26 18:27:09.218,9.40008,9.40374,1.00,1.94
2015.02.26 18:27:11.590,9.40008,9.40374,1.00,1.94
2015.02.26 18:27:13.042,9.40036,9.40375,1.50,1.31
2015.02.26 18:27:13.143,9.40008,9.40355,1.00,1.56
2015.02.26 18:27:13.371,9.40026,9.40355,1.50,1.56
2015.02.26 18:27:13.786,9.40026,9.40349,1.50,1.94
2015.02.26 18:27:13.837,9.40008,9.40349,1.00,1.94
2015.02.26 18:27:13.938,9.40008,9.40349,1.00,1.19
2015.02.26 18:27:14.247,9.40014,9.40372,1.00,1.19
2015.02.26 18:27:14.762,9.40021,9.40374,1.00,1.19
2015.02.26 18:27:15.075,9.40076,9.40374,1.50,1.19
2015.02.26 18:27:15.126,9.40026,9.40374,1.50,1.19
2015.02.26 18:27:15.328,9.40079,9.40374,1.00,1.19
2015.02.26 18:27:15.682,9.40079,9.40434,1.00,1.94
2015.02.26 18:27:16.200,9.40114,9.40435,1.00,1.94
2015.02.26 18:27:16.582,9.40114,9.40417,1.00,1.01
2015.02.26 18:27:16.633,9.40026,9.40414,1.69,1.94
2015.02.26 18:27:16.684,9.40026,9.40414,1.50,1.94
2015.02.26 18:27:16.887,9.40101,9.40404,1.00,1.94
2015.02.26 18:27:17.622,9.40101,9.40404,1.00,1.94
2015.02.26 18:27:19.816,9.40101,9.40404,1.00,1.94
2015.02.26 18:27:23.398,9.40101,9.40404,1.00,1.94
2015.02.26 18:27:25.602,9.40101,9.40404,1.19,1.19
2015.02.26 18:27:28.105,9.40101,9.40404,1.19,1.19
2015.02.26 18:27:30.131,9.40101,9.40404,1.00,1.19
2015.02.26 18:27:30.371,9.40093,9.40425,1.00,1.94
2015.02.26 18:27:30.697,9.40101,9.40424,1.00,1.94
2015.02.26 18:27:31.530,9.40101,9.40424,1.00,1.94
2015.02.26 18:27:31.813,9.40155,9.40424,1.00,1.94
2015.02.26 18:27:32.201,9.40101,9.40424,1.00,1.94
2015.02.26 18:27:32.320,9.40101,9.40424,1.00,1.94
2015.02.26 18:27:35.461,9.40101,9.40424,1.00,1.94
2015.02.26 18:27:35.844,9.40101,9.40424,1.00,1.19
2015.02.26 18:27:35.895,9.40092,9.4043,1.00,1.91
2015.02.26 18:27:37.298,9.40101,9.40354,1.00,1.69
2015.02.26 18:27:38.002,9.40101,9.40354,1.00,1.69
2015.02.26 18:27:40.033,9.40101,9.40354,1.00,1.69
2015.02.26 18:27:40.084,9.40056,9.40354,1.00,1.69
2015.02.26 18:27:40.135,9.40041,9.40354,1.00,1.69
2015.02.26 18:27:40.389,9.40101,9.40354,1.00,1.69
2015.02.26 18:27:40.935,9.40101,9.40354,1.00,1.69
2015.02.26 18:27:48.851,9.40101,9.40354,1.00,1.69
2015.02.26 18:27:50.856,9.40101,9.40354,1.00,1.69
2015.02.26 18:27:57.669,9.40101,9.40354,1.00,1.69
2015.02.26 18:27:58.791,9.40101,9.40354,1.00,1.69
2015.02.26 18:27:58.892,9.40064,9.40354,1.00,1.69
2015.02.26 18:27:59.276,9.40064,9.40354,1.00,1.69
2015.02.26 18:28:01.589,9.40064,9.40354,1.00,1.69
2015.02.26 18:28:01.897,9.40064,9.40354,1.00,1.50
2015.02.26 18:28:02.049,9.40086,9.40354,1.00,1.50
2015.02.26 18:28:02.352,9.40125,9.40354,1.19,1.50
2015.02.26 18:28:03.515,9.40151,9.40354,1.00,1.50
2015.02.26 18:28:04.466,9.40191,9.40354,1.00,1.50
2015.02.26 18:28:05.159,9.40191,9.40424,1.00,1.69
2015.02.26 18:28:09.140,9.40191,9.40424,1.00,1.69
2015.02.26 18:28:17.729,9.40191,9.40424,1.00,2.44
2015.02.26 18:28:19.732,9.40191,9.40424,1.00,1.69
2015.02.26 18:28:23.784,9.40191,9.40424,1.00,1.69
2015.02.26 18:28:25.947,9.40191,9.40424,1.00,1.69
2015.02.26 18:28:29.754,9.40191,9.40424,1.00,1.69
2015.02.26 18:28:34.065,9.40191,9.40424,1.00,2.44
2015.02.26 18:28:36.718,9.40191,9.40424,1.00,2.44
2015.02.26 18:28:45.987,9.40191,9.40424,1.00,2.44
2015.02.26 18:28:48.090,9.40191,9.40424,1.00,2.44
2015.02.26 18:28:51.095,9.40191,9.40424,1.00,2.44
2015.02.26 18:28:53.900,9.40191,9.40424,1.00,2.44
2015.02.26 18:28:56.204,9.40191,9.40424,1.00,2.44
2015.02.26 18:28:58.218,9.40191,9.40424,1.00,2.44
2015.02.26 18:29:00.917,9.40191,9.40424,1.00,2.44
2015.02.26 18:29:03.022,9.40191,9.40424,1.00,2.44
2015.02.26 18:29:05.183,9.40121,9.40424,1.19,1.19
2015.02.26 18:29:13.144,9.40124,9.40424,1.19,1.19
2015.02.26 18:29:19.778,9.40124,9.40424,1.19,1.19
2015.02.26 18:29:23.271,9.40124,9.40424,1.19,1.19
2015.02.26 18:29:26.482,9.40124,9.40424,1.19,1.19
2015.02.26 18:29:27.971,9.40125,9.40424,1.19,1.19
2015.02.26 18:29:30.717,9.40125,9.40444,1.19,1.19
2015.02.26 18:29:31.020,9.40166,9.40514,1.19,1.94
2015.02.26 18:29:31.501,9.40146,9.40493,1.19,1.22
2015.02.26 18:29:31.833,9.40185,9.40495,1.00,1.85
2015.02.26 18:29:32.136,9.40197,9.40493,1.00,1.54
2015.02.26 18:29:32.697,9.40231,9.40493,1.00,1.63
2015.02.26 18:29:33.614,9.40231,9.40514,1.00,1.19
2015.02.26 18:29:35.686,9.40231,9.40494,1.00,1.69
2015.02.26 18:29:38.711,9.40231,9.40494,1.00,1.69
2015.02.26 18:29:40.994,9.40231,9.40494,1.00,1.69
2015.02.26 18:29:43.399,9.40231,9.40494,1.19,1.50
2015.02.26 18:29:52.117,9.40231,9.40494,1.00,1.50
2015.02.26 18:30:09.354,9.40231,9.40494,1.00,1.69
2015.02.26 18:30:11.358,9.40231,9.40494,1.00,1.69
2015.02.26 18:30:15.089,9.40231,9.40494,1.00,1.69
2015.02.26 18:30:17.673,9.40231,9.40494,1.19,1.69
2015.02.26 18:30:19.780,9.40231,9.40494,1.19,1.69
2015.02.26 18:30:21.079,9.40231,9.40494,1.00,1.69
2015.02.26 18:30:23.131,9.40231,9.40494,1.00,1.69
2015.02.26 18:30:25.291,9.40231,9.40494,1.19,1.69
2015.02.26 18:30:27.919,9.40231,9.40494,1.19,1.50
2015.02.26 18:30:30.700,9.40231,9.40494,1.19,1.50
2015.02.26 18:30:33.808,9.40192,9.40544,1.19,1.19
2015.02.26 18:30:34.408,9.40192,9.40544,1.19,1.19
2015.02.26 18:30:36.512,9.40197,9.40544,1.19,1.19
2015.02.26 18:30:39.819,9.40197,9.40544,1.19,1.19
2015.02.26 18:30:42.827,9.40197,9.40544,1.19,1.19
2015.02.26 18:30:45.132,9.40197,9.40544,1.19,1.19
2015.02.26 18:30:46.686,9.40195,9.40554,1.19,1.94
2015.02.26 18:30:48.990,9.40195,9.40554,1.19,1.19
2015.02.26 18:30:51.195,9.40195,9.40554,1.19,1.94
2015.02.26 18:30:53.299,9.40194,9.40544,1.19,1.19
2015.02.26 18:30:57.507,9.40194,9.40564,1.19,1.94
2015.02.26 18:30:57.835,9.40194,9.40564,1.00,1.94
2015.02.26 18:30:59.840,9.40194,9.40554,1.19,1.19
2015.02.26 18:31:02.430,9.40194,9.40554,1.19,1.56
2015.02.26 18:31:04.932,9.40194,9.40554,1.19,1.94
2015.02.26 18:31:07.062,9.40194,9.40544,1.19,1.94
2015.02.26 18:31:07.578,9.40194,9.40544,1.00,1.19
2015.02.26 18:31:07.628,9.40246,9.40544,1.00,1.19
2015.02.26 18:31:07.679,9.40246,9.40577,1.00,1.01
2015.02.26 18:31:08.882,9.40306,9.4063,1.00,1.12
2015.02.26 18:31:08.933,9.40306,9.40614,1.00,1.50
2015.02.26 18:31:08.984,9.40328,9.40614,1.00,1.50
2015.02.26 18:31:09.287,9.40328,9.40684,1.00,1.50
2015.02.26 18:31:09.389,9.40387,9.40684,1.00,1.50
2015.02.26 18:31:10.380,9.40387,9.40684,1.19,1.50
2015.02.26 18:31:13.051,9.40401,9.40684,1.00,1.69
2015.02.26 18:31:15.155,9.40401,9.40684,1.19,1.69
2015.02.26 18:31:17.460,9.40401,9.40684,1.19,1.69
2015.02.26 18:31:19.566,9.40401,9.40684,1.19,1.69
2015.02.26 18:31:23.400,9.40401,9.40684,1.19,1.69
2015.02.26 18:31:23.574,9.40401,9.40684,1.00,1.69
2015.02.26 18:31:23.675,9.40393,9.40684,1.00,1.69
2015.02.26 18:31:27.309,9.40383,9.40684,1.00,1.69
2015.02.26 18:31:29.886,9.40383,9.40684,1.00,1.69
2015.02.26 18:31:30.417,9.40383,9.40684,1.00,1.69
2015.02.26 18:31:30.923,9.40401,9.40684,1.00,1.69
2015.02.26 18:31:33.092,9.40401,9.40684,1.00,1.69
2015.02.26 18:31:34.136,9.40401,9.40684,1.00,1.69
2015.02.26 18:31:34.194,9.40382,9.40684,1.00,1.69
2015.02.26 18:31:34.637,9.40401,9.40684,1.00,1.69
2015.02.26 18:31:35.627,9.40382,9.40684,1.00,1.69
2015.02.26 18:31:36.066,9.40401,9.40684,1.00,1.69
2015.02.26 18:31:36.400,9.40401,9.40684,1.00,1.69
2015.02.26 18:31:37.206,9.40382,9.40684,1.00,1.69
2015.02.26 18:31:37.606,9.40401,9.40684,1.00,1.69
2015.02.26 18:31:38.596,9.40372,9.40684,1.00,1.69
2015.02.26 18:31:38.648,9.40372,9.40684,1.00,1.69
2015.02.26 18:31:40.635,9.40372,9.40684,1.00,2.44
2015.02.26 18:31:40.966,9.40372,9.40614,1.00,1.50
2015.02.26 18:31:44.267,9.40326,9.40614,1.00,1.50
2015.02.26 18:31:49.823,9.40326,9.40614,1.19,1.50
2015.02.26 18:31:51.964,9.40326,9.40614,1.19,1.50
2015.02.26 18:31:52.560,9.40326,9.40614,1.00,1.50
2015.02.26 18:31:56.695,9.40323,9.40614,1.25,1.50
2015.02.26 18:31:56.746,9.40332,9.40614,1.00,1.50
2015.02.26 18:31:57.366,9.40332,9.40614,1.00,1.69
2015.02.26 18:31:57.878,9.40332,9.40614,1.00,1.69
2015.02.26 18:31:57.929,9.40272,9.40614,1.00,1.69
2015.02.26 18:31:58.081,9.40301,9.40614,1.00,1.69
2015.02.26 18:31:59.043,9.40301,9.40614,1.00,1.69
2015.02.26 18:31:59.094,9.40276,9.40614,1.00,1.69
2015.02.26 18:31:59.596,9.40286,9.40614,1.00,1.69
2015.02.26 18:31:59.904,9.40301,9.40614,1.00,1.69
2015.02.26 18:32:01.865,9.40301,9.40614,1.00,1.69
2015.02.26 18:32:03.352,9.40281,9.40614,1.00,1.69
2015.02.26 18:32:03.893,9.40282,9.40614,1.00,1.69
2015.02.26 18:32:04.086,9.40282,9.40614,1.00,1.69
2015.02.26 18:32:04.352,9.40301,9.40614,1.00,1.76
2015.02.26 18:32:04.875,9.40301,9.40604,1.00,1.31
2015.02.26 18:32:05.667,9.4031,9.40574,1.00,1.19
2015.02.26 18:32:06.105,9.4031,9.40594,1.00,1.64
2015.02.26 18:32:06.206,9.40282,9.40594,1.00,1.76
2015.02.26 18:32:06.358,9.40301,9.40564,1.00,1.26
2015.02.26 18:32:08.085,9.40301,9.40545,1.00,1.69
2015.02.26 18:32:09.113,9.40246,9.40545,1.19,1.69
2015.02.26 18:32:09.215,9.40244,9.40545,1.00,1.69
2015.02.26 18:32:11.970,9.40244,9.40545,1.00,1.69
2015.02.26 18:32:14.877,9.40244,9.40545,1.00,1.69
2015.02.26 18:32:15.579,9.40244,9.40545,1.00,1.69
2015.02.26 18:32:15.680,9.40236,9.40545,1.00,1.69
2015.02.26 18:32:19.186,9.40236,9.40545,1.25,1.69
2015.02.26 18:32:23.093,9.40236,9.40545,1.00,1.69
2015.02.26 18:32:25.700,9.40236,9.40545,1.19,1.69
2015.02.26 18:32:28.146,9.40236,9.40545,1.00,1.69
2015.02.26 18:32:33.163,9.40236,9.40545,1.00,1.69
2015.02.26 18:32:33.880,9.40246,9.40545,1.00,1.69
2015.02.26 18:32:35.369,9.40246,9.40545,1.00,1.69
2015.02.26 18:32:37.389,9.40256,9.40545,1.00,1.69
2015.02.26 18:32:37.441,9.40256,9.40545,1.00,1.69
2015.02.26 18:32:37.526,9.40256,9.40545,1.00,1.69
2015.02.26 18:32:37.627,9.40246,9.40545,1.00,1.69
2015.02.26 18:32:39.850,9.40256,9.40545,1.00,1.69
2015.02.26 18:32:40.659,9.40246,9.40545,1.00,1.69
2015.02.26 18:32:42.535,9.40246,9.40545,1.00,1.69
2015.02.26 18:32:47.092,9.40246,9.40545,1.00,1.69
2015.02.26 18:32:47.193,9.40246,9.40545,1.00,1.69
2015.02.26 18:32:47.401,9.40256,9.40545,1.00,1.69
2015.02.26 18:32:48.114,9.40246,9.40545,1.00,1.69
2015.02.26 18:32:48.367,9.40253,9.40545,1.00,1.69
2015.02.26 18:32:48.682,9.40266,9.40545,1.00,1.69
2015.02.26 18:32:49.128,9.40291,9.40545,1.00,1.69
2015.02.26 18:32:49.495,9.40291,9.40545,1.00,1.69
2015.02.26 18:32:51.681,9.40291,9.40545,1.00,1.69
2015.02.26 18:32:53.754,9.40291,9.40545,1.00,1.69
2015.02.26 18:32:55.869,9.40291,9.40545,1.00,1.69
2015.02.26 18:32:58.063,9.40291,9.40545,1.00,1.69
2015.02.26 18:33:00.416,9.40291,9.40545,1.00,1.69
2015.02.26 18:33:02.584,9.40291,9.40545,1.00,1.69
2015.02.26 18:33:04.682,9.40291,9.40545,1.00,1.69
2015.02.26 18:33:06.820,9.40291,9.40564,1.00,1.26
2015.02.26 18:33:09.236,9.40291,9.40564,1.00,1.26
2015.02.26 18:33:11.697,9.40291,9.40564,1.00,1.26
2015.02.26 18:33:15.009,9.40291,9.40564,1.00,1.26
2015.02.26 18:33:16.293,9.40256,9.40601,1.19,1.36
2015.02.26 18:33:16.344,9.40256,9.40601,1.00,1.36
2015.02.26 18:33:16.394,9.40246,9.40601,1.00,1.37
2015.02.26 18:33:19.511,9.40246,9.40564,1.00,1.26
2015.02.26 18:33:21.651,9.40246,9.40564,1.00,1.26
2015.02.26 18:33:22.917,9.40246,9.40564,1.00,1.26
2015.02.26 18:33:26.347,9.40256,9.40564,1.00,1.26
2015.02.26 18:33:28.827,9.40256,9.40564,1.00,1.26
2015.02.26 18:33:30.931,9.40256,9.40564,1.00,1.26
2015.02.26 18:33:34.037,9.40256,9.40564,1.00,1.26
2015.02.26 18:33:36.141,9.40256,9.40564,1.00,1.26
2015.02.26 18:33:36.414,9.40246,9.40564,1.00,1.26
2015.02.26 18:33:39.490,9.40246,9.40564,1.00,1.26
2015.02.26 18:33:43.054,9.40246,9.40564,1.00,1.26
2015.02.26 18:33:45.460,9.40246,9.40564,1.00,1.26
2015.02.26 18:33:48.766,9.40246,9.40564,1.00,1.26
2015.02.26 18:33:50.069,9.40246,9.40564,1.19,1.26
2015.02.26 18:33:52.474,9.40246,9.40564,1.19,1.26
2015.02.26 18:33:55.096,9.40246,9.40558,1.19,1.01
2015.02.26 18:33:57.135,9.40246,9.40564,1.00,1.26
2015.02.26 18:33:59.088,9.40246,9.40564,1.00,1.26
2015.02.26 18:34:04.096,9.40246,9.40564,1.19,1.26
2015.02.26 18:34:05.593,9.40261,9.40596,1.00,1.03
2015.02.26 18:34:05.897,9.40266,9.40599,1.00,1.00
2015.02.26 18:34:06.433,9.40282,9.40599,1.00,1.10
2015.02.26 18:34:06.762,9.40311,9.40584,1.00,1.59
2015.02.26 18:34:07.092,9.40311,9.40584,1.00,1.61
2015.02.26 18:34:09.105,9.40311,9.40584,1.00,1.61
2015.02.26 18:34:09.292,9.40276,9.40599,1.00,1.20
2015.02.26 18:34:09.343,9.40276,9.40599,1.00,1.20
2015.02.26 18:34:09.395,9.40256,9.40602,1.00,1.37
2015.02.26 18:34:13.111,9.40256,9.40564,1.00,1.26
2015.02.26 18:34:18.232,9.40256,9.40564,1.00,1.26
2015.02.26 18:34:20.430,9.40256,9.40564,1.00,1.26
2015.02.26 18:34:24.974,9.40256,9.40564,1.00,1.26
2015.02.26 18:34:25.038,9.40256,9.40564,1.00,1.26
2015.02.26 18:34:29.848,9.40256,9.40564,1.00,1.26
2015.02.26 18:34:31.051,9.40256,9.40564,1.25,1.26
2015.02.26 18:34:31.351,9.40256,9.40564,1.00,1.26
2015.02.26 18:34:31.557,9.40256,9.40564,1.00,1.26
2015.02.26 18:34:32.103,9.40326,9.40602,1.00,1.19
2015.02.26 18:34:32.205,9.40326,9.40664,1.00,2.26
2015.02.26 18:34:32.402,9.40326,9.40664,1.00,1.50
2015.02.26 18:34:32.605,9.40346,9.40664,1.00,1.50
2015.02.26 18:34:33.110,9.40346,9.40664,1.00,1.69
2015.02.26 18:34:33.161,9.40326,9.40664,1.19,1.69
2015.02.26 18:34:34.372,9.40353,9.40664,1.00,1.69
2015.02.26 18:34:34.703,9.40376,9.40664,1.00,1.69
2015.02.26 18:34:36.802,9.40376,9.40664,1.00,1.69
2015.02.26 18:34:39.865,9.40366,9.40664,1.19,1.69
2015.02.26 18:34:40.207,9.40366,9.40664,1.00,1.69
2015.02.26 18:34:42.703,9.40366,9.40664,1.19,1.50
2015.02.26 18:34:43.291,9.40366,9.40664,1.00,1.50
2015.02.26 18:34:52.119,9.40366,9.40664,1.19,1.50
2015.02.26 18:34:54.504,9.40366,9.40664,1.19,1.50
2015.02.26 18:34:57.704,9.40366,9.40664,1.19,1.50
2015.02.26 18:34:59.908,9.40366,9.40664,1.19,1.50
2015.02.26 18:35:03.139,9.40366,9.40664,1.19,1.50
2015.02.26 18:35:05.770,9.40366,9.40664,1.19,1.50
2015.02.26 18:35:08.072,9.40366,9.40664,1.19,1.50
2015.02.26 18:35:13.572,9.40366,9.40664,1.19,1.50
2015.02.26 18:35:15.942,9.40366,9.40664,1.19,1.50
2015.02.26 18:35:18.047,9.40366,9.40664,1.19,1.50
2015.02.26 18:35:21.153,9.40366,9.40664,1.19,1.50
2015.02.26 18:35:23.758,9.40366,9.40664,1.19,1.50
2015.02.26 18:35:24.561,9.40366,9.40664,1.00,1.50
2015.02.26 18:35:32.216,9.40366,9.40738,1.00,1.31
2015.02.26 18:35:32.777,9.40366,9.40738,1.00,1.31
2015.02.26 18:35:33.034,9.40366,9.40743,1.00,1.31
2015.02.26 18:35:33.451,9.40375,9.40748,1.00,1.31
2015.02.26 18:35:33.502,9.40375,9.40748,1.00,1.31
2015.02.26 18:35:33.924,9.40316,9.40624,1.50,1.00
2015.02.26 18:35:34.242,9.40305,9.40554,1.00,1.50
2015.02.26 18:35:34.547,9.40276,9.40554,1.00,1.69
2015.02.26 18:35:34.649,9.40256,9.40554,1.25,1.69
2015.02.26 18:35:34.700,9.40256,9.40554,1.00,1.69
2015.02.26 18:35:35.015,9.40266,9.40552,1.00,1.01
2015.02.26 18:35:35.599,9.40266,9.40554,1.00,1.69
2015.02.26 18:35:35.700,9.40266,9.40554,1.00,1.50
2015.02.26 18:35:35.802,9.40266,9.40612,1.31,1.07
2015.02.26 18:35:35.903,9.40336,9.40624,1.00,1.50
2015.02.26 18:35:36.207,9.40316,9.40624,1.00,1.50
2015.02.26 18:35:36.409,9.40336,9.40624,1.00,1.50
2015.02.26 18:35:37.012,9.40356,9.40624,1.00,1.50
2015.02.26 18:35:37.819,9.40356,9.40624,1.00,1.69
2015.02.26 18:35:38.123,9.40277,9.40514,1.00,1.69
2015.02.26 18:35:39.053,9.40321,9.40514,1.00,1.69
2015.02.26 18:35:40.078,9.40286,9.40514,1.00,1.69
2015.02.26 18:35:40.129,9.40296,9.40514,1.00,1.50
2015.02.26 18:35:40.332,9.40336,9.40643,1.00,1.27
2015.02.26 18:35:40.383,9.40316,9.40644,1.00,2.12
2015.02.26 18:35:41.034,9.40319,9.40644,1.00,2.20
2015.02.26 18:35:41.813,9.40342,9.40644,1.00,2.20
2015.02.26 18:35:42.143,9.40371,9.40644,1.00,2.36
2015.02.26 18:35:42.800,9.40371,9.40644,1.00,2.36
2015.02.26 18:35:43.679,9.40376,9.40644,1.00,1.69
2015.02.26 18:35:43.730,9.40376,9.40644,1.00,1.50
2015.02.26 18:35:45.346,9.40401,9.40644,1.00,1.50
2015.02.26 18:35:45.549,9.40376,9.40644,1.00,1.50
2015.02.26 18:35:45.650,9.40361,9.40644,1.00,1.50
2015.02.26 18:35:46.278,9.40361,9.40644,1.00,1.87
2015.02.26 18:35:46.849,9.40366,9.40644,1.00,1.87
2015.02.26 18:35:47.023,9.40366,9.40644,1.00,1.57
2015.02.26 18:35:50.096,9.40406,9.40644,1.00,1.57
2015.02.26 18:35:50.349,9.40406,9.40644,1.00,1.50
2015.02.26 18:35:51.204,9.40451,9.40644,1.00,1.50
2015.02.26 18:35:52.845,9.40401,9.40644,1.00,1.50
2015.02.26 18:35:53.148,9.40356,9.40644,1.00,1.50
2015.02.26 18:35:53.792,9.40361,9.40644,1.00,1.50
2015.02.26 18:35:54.841,9.40366,9.40644,1.00,1.50
2015.02.26 18:35:57.165,9.40365,9.40644,1.00,1.50
2015.02.26 18:35:57.373,9.40361,9.40644,1.00,1.50
2015.02.26 18:35:58.003,9.40361,9.40644,1.00,1.87
2015.02.26 18:36:01.573,9.40361,9.40644,1.00,2.06
2015.02.26 18:36:03.189,9.40366,9.40644,1.00,1.69
2015.02.26 18:36:03.594,9.40371,9.40644,1.00,1.69
2015.02.26 18:36:06.086,9.40371,9.40644,1.00,1.69
2015.02.26 18:36:08.392,9.40371,9.40644,1.25,1.69
2015.02.26 18:36:10.479,9.40371,9.40644,1.19,1.69
2015.02.26 18:36:12.463,9.40371,9.40644,1.19,1.69
2015.02.26 18:36:14.502,9.40371,9.40644,1.19,1.69
2015.02.26 18:36:16.645,9.40371,9.40644,1.19,1.69
2015.02.26 18:36:19.873,9.40371,9.40644,1.19,1.69
2015.02.26 18:36:22.076,9.40371,9.40644,1.19,1.69
2015.02.26 18:36:24.226,9.40371,9.40644,1.19,1.69
2015.02.26 18:36:26.323,9.40371,9.40644,1.19,1.69
2015.02.26 18:36:28.208,9.40371,9.40644,1.00,1.69
2015.02.26 18:36:30.224,9.40371,9.40644,1.00,1.69
2015.02.26 18:36:33.216,9.40371,9.40644,1.00,1.69
2015.02.26 18:36:36.305,9.40371,9.40644,1.00,1.69
2015.02.26 18:36:38.636,9.40371,9.40634,1.00,1.69
2015.02.26 18:36:38.737,9.40371,9.40554,1.00,1.50
2015.02.26 18:36:41.892,9.40401,9.40554,1.00,1.50
2015.02.26 18:36:42.324,9.40366,9.40554,1.00,1.50
2015.02.26 18:36:42.426,9.40396,9.40554,1.00,1.50
2015.02.26 18:36:42.629,9.40386,9.40554,1.00,1.50
2015.02.26 18:36:43.142,9.40356,9.40554,1.19,1.50
2015.02.26 18:36:43.322,9.40371,9.40554,1.00,1.50
2015.02.26 18:36:47.372,9.40376,9.40554,1.00,1.50
2015.02.26 18:36:48.301,9.40376,9.40624,1.00,1.50
2015.02.26 18:36:49.913,9.40376,9.40624,1.19,1.50
2015.02.26 18:36:53.118,9.40376,9.40624,1.19,1.50
2015.02.26 18:36:53.341,9.40356,9.40624,1.00,1.50
2015.02.26 18:36:53.857,9.40341,9.40624,1.00,1.50
2015.02.26 18:36:54.010,9.40371,9.40624,1.00,1.50
2015.02.26 18:37:04.643,9.40371,9.40624,1.00,1.69
2015.02.26 18:37:13.252,9.40371,9.40624,1.00,1.69
2015.02.26 18:37:14.053,9.40371,9.40624,1.00,1.50
2015.02.26 18:37:15.102,9.40371,9.40624,1.00,1.69
2015.02.26 18:37:19.965,9.40371,9.40624,1.00,1.69
2015.02.26 18:37:23.270,9.40371,9.40624,1.19,1.50
2015.02.26 18:37:26.076,9.40371,9.40624,1.19,1.50
2015.02.26 18:37:26.277,9.40371,9.40624,1.00,1.69
2015.02.26 18:37:29.129,9.40371,9.40624,1.00,1.69
2015.02.26 18:37:32.688,9.40371,9.40624,1.00,1.69
2015.02.26 18:37:35.611,9.40371,9.40624,1.19,1.69
2015.02.26 18:37:38.097,9.40371,9.40624,1.00,1.69
2015.02.26 18:37:43.907,9.40371,9.40624,1.19,1.69
2015.02.26 18:37:47.734,9.40371,9.40624,1.19,1.69
2015.02.26 18:37:54.172,9.40336,9.40719,1.19,1.01
2015.02.26 18:37:57.130,9.40336,9.40719,1.19,1.01
2015.02.26 18:38:02.094,9.40336,9.40719,1.19,1.01
2015.02.26 18:38:02.402,9.40371,9.40684,1.00,1.19
2015.02.26 18:38:04.043,9.40355,9.40725,1.00,2.44
2015.02.26 18:38:04.195,9.40376,9.40724,1.00,2.44
2015.02.26 18:38:04.397,9.40371,9.40724,1.00,2.44
2015.02.26 18:38:08.773,9.40371,9.40724,1.00,2.44
2015.02.26 18:38:10.323,9.40371,9.40724,1.00,2.44
2015.02.26 18:38:12.682,9.40371,9.40724,1.00,2.44
2015.02.26 18:38:13.831,9.40371,9.40684,1.00,1.19
2015.02.26 18:38:15.375,9.40396,9.40669,1.00,1.19
2015.02.26 18:38:16.045,9.40366,9.40704,1.00,1.94
2015.02.26 18:38:16.146,9.40366,9.40724,1.00,2.44
2015.02.26 18:38:16.197,9.40395,9.40725,1.00,2.44
2015.02.26 18:38:16.399,9.40386,9.40724,1.00,2.44
2015.02.26 18:38:16.611,9.40366,9.40724,1.00,2.44
2015.02.26 18:38:16.915,9.40371,9.40721,1.00,1.01
2015.02.26 18:38:17.633,9.40371,9.40721,1.00,1.01
2015.02.26 18:38:17.936,9.40342,9.40693,1.00,1.01
2015.02.26 18:38:18.138,9.40342,9.40693,1.00,1.01
2015.02.26 18:38:18.838,9.40342,9.40524,1.00,1.50
2015.02.26 18:38:19.146,9.40315,9.40524,1.00,1.50
2015.02.26 18:38:20.230,9.40351,9.40524,1.00,1.50
2015.02.26 18:38:21.360,9.40376,9.40524,1.00,1.50
2015.02.26 18:38:21.461,9.40316,9.40524,1.00,1.50
2015.02.26 18:38:21.613,9.40335,9.40524,1.00,1.50
2015.02.26 18:38:22.118,9.40336,9.40524,1.00,1.50
2015.02.26 18:38:22.440,9.40371,9.40524,1.00,1.50
2015.02.26 18:38:24.427,9.4032,9.40524,1.00,1.50
2015.02.26 18:38:25.274,9.40351,9.40524,1.00,1.50
2015.02.26 18:38:26.695,9.40315,9.40524,1.00,1.50
2015.02.26 18:38:26.898,9.40336,9.40524,1.00,1.50
2015.02.26 18:38:27.462,9.40343,9.40524,1.00,1.50
2015.02.26 18:38:27.770,9.40371,9.40524,1.00,1.50
2015.02.26 18:38:28.360,9.4037,9.40524,1.00,1.50
2015.02.26 18:38:30.120,9.40325,9.40524,1.00,1.50
2015.02.26 18:38:31.019,9.40351,9.40524,1.00,1.50
2015.02.26 18:38:45.752,9.40351,9.40524,1.00,1.69
2015.02.26 18:38:51.724,9.40351,9.40524,1.00,1.50
2015.02.26 18:38:58.829,9.40328,9.40524,1.00,1.50
2015.02.26 18:38:59.031,9.4034,9.40524,1.00,1.50
2015.02.26 18:38:59.599,9.40371,9.40524,1.00,1.50
2015.02.26 18:39:14.839,9.40327,9.40524,1.00,1.50
2015.02.26 18:39:15.524,9.40351,9.40524,1.00,1.50
2015.02.26 18:39:16.113,9.40351,9.40524,1.00,1.69
2015.02.26 18:39:16.819,9.40226,9.40524,1.62,1.69
2015.02.26 18:39:16.920,9.40226,9.40474,1.62,1.00
2015.02.26 18:39:17.224,9.40351,9.40524,1.00,1.69
2015.02.26 18:39:19.320,9.40351,9.40624,1.00,1.26
2015.02.26 18:39:21.623,9.40351,9.40624,1.00,1.29
2015.02.26 18:39:24.129,9.40351,9.40624,1.00,1.29
2015.02.26 18:39:27.033,9.40351,9.40624,1.00,1.29
2015.02.26 18:39:29.940,9.40351,9.40616,1.00,1.31
2015.02.26 18:39:32.044,9.40351,9.40616,1.00,1.31
2015.02.26 18:39:32.980,9.40371,9.40653,1.00,1.94
2015.02.26 18:39:33.321,9.40391,9.40641,1.00,1.01
2015.02.26 18:39:34.067,9.40391,9.4062,1.00,1.01
2015.02.26 18:39:34.118,9.4032,9.4062,1.00,1.01
2015.02.26 18:39:34.531,9.40351,9.40624,1.00,1.94
2015.02.26 18:39:37.354,9.40351,9.40604,1.00,1.01
2015.02.26 18:39:39.357,9.40351,9.40604,1.00,1.01
2015.02.26 18:39:40.483,9.40371,9.40644,1.00,1.94
2015.02.26 18:39:41.091,9.40371,9.40644,1.00,1.94
2015.02.26 18:39:41.142,9.40361,9.40653,1.00,1.01
2015.02.26 18:39:41.623,9.40375,9.4064,1.00,1.01
2015.02.26 18:39:42.110,9.40406,9.40628,1.00,1.01
2015.02.26 18:39:42.350,9.40371,9.40628,1.00,1.01
2015.02.26 18:39:43.696,9.40371,9.40626,1.00,1.01
2015.02.26 18:39:46.414,9.40327,9.40626,1.00,1.31
2015.02.26 18:39:46.987,9.4035,9.40625,1.00,1.94
2015.02.26 18:39:47.373,9.4035,9.40596,1.00,1.31
2015.02.26 18:39:49.419,9.40352,9.40618,1.00,1.31
2015.02.26 18:39:49.621,9.40352,9.40632,1.00,1.01
2015.02.26 18:39:49.824,9.4038,9.40653,1.00,1.94
2015.02.26 18:39:49.925,9.40361,9.40653,1.00,1.94
2015.02.26 18:39:50.249,9.40391,9.40652,1.00,1.01
2015.02.26 18:39:52.183,9.40391,9.40654,1.00,1.94
2015.02.26 18:39:53.558,9.40308,9.40653,1.00,1.01
2015.02.26 18:39:54.429,9.40328,9.40626,1.00,1.31
2015.02.26 18:39:54.776,9.40351,9.40624,1.00,1.94
2015.02.26 18:39:57.433,9.40351,9.40624,1.00,1.94
2015.02.26 18:40:00.000,9.40351,9.40624,1.00,1.94
2015.02.26 18:40:03.009,9.40351,9.40621,1.00,1.01
2015.02.26 18:40:05.315,9.40351,9.40624,1.00,1.94
2015.02.26 18:40:06.649,9.40351,9.40606,1.00,1.01
2015.02.26 18:40:08.864,9.40351,9.40586,1.00,1.31
2015.02.26 18:40:09.914,9.40296,9.40604,1.00,2.06
2015.02.26 18:40:10.067,9.40321,9.40594,1.00,1.56
2015.02.26 18:40:11.540,9.40321,9.40594,1.00,2.44
2015.02.26 18:40:12.363,9.40341,9.40604,1.00,2.14
2015.02.26 18:40:13.670,9.40341,9.40593,1.00,1.01
2015.02.26 18:40:16.149,9.40341,9.40589,1.00,1.01
2015.02.26 18:40:16.669,9.40316,9.40589,1.00,1.76
2015.02.26 18:40:18.578,9.40316,9.40584,1.00,1.39
2015.02.26 18:40:20.763,9.40316,9.40584,1.00,2.06
2015.02.26 18:40:25.898,9.40308,9.40574,1.00,1.26
2015.02.26 18:40:26.489,9.4033,9.40604,1.00,3.19
2015.02.26 18:40:27.358,9.40371,9.40592,1.00,1.31
2015.02.26 18:40:27.459,9.40255,9.40592,1.00,1.31
2015.02.26 18:40:27.763,9.40277,9.40592,1.00,1.01
2015.02.26 18:40:28.219,9.40305,9.4058,1.00,1.19
2015.02.26 18:40:28.330,9.40276,9.40599,1.00,1.94
2015.02.26 18:40:28.431,9.40301,9.40574,1.00,1.19
2015.02.26 18:40:29.965,9.40301,9.40574,1.00,1.94
2015.02.26 18:40:30.298,9.40321,9.40585,1.00,2.04
2015.02.26 18:40:32.209,9.40321,9.40594,1.00,2.44
2015.02.26 18:40:35.175,9.40321,9.40594,1.00,2.44
2015.02.26 18:40:38.105,9.40316,9.40604,1.00,3.19
2015.02.26 18:40:38.692,9.40346,9.40584,1.00,1.01
2015.02.26 18:40:39.598,9.40346,9.40568,1.00,1.01
2015.02.26 18:40:41.845,9.40321,9.40593,1.00,1.01
2015.02.26 18:40:44.195,9.40321,9.40593,1.00,1.01
2015.02.26 18:40:50.006,9.40321,9.40593,1.00,1.01
2015.02.26 18:40:52.811,9.40321,9.40593,1.00,1.01
2015.02.26 18:40:55.139,9.40321,9.40604,1.00,2.44
2015.02.26 18:40:55.494,9.40351,9.40581,1.00,1.01
2015.02.26 18:40:56.588,9.40321,9.40594,1.00,1.94
2015.02.26 18:40:57.928,9.40321,9.40572,1.00,1.01
2015.02.26 18:41:00.025,9.40321,9.40572,1.00,1.01
2015.02.26 18:41:02.573,9.40321,9.40572,1.00,1.01
2015.02.26 18:41:02.775,9.40317,9.40584,1.00,1.56
2015.02.26 18:41:03.641,9.40336,9.40584,1.00,1.19
2015.02.26 18:41:03.945,9.40361,9.40594,1.00,1.94
2015.02.26 18:41:05.179,9.40361,9.40594,1.00,1.56
2015.02.26 18:41:09.108,9.40361,9.40594,1.00,1.56
2015.02.26 18:41:11.173,9.40361,9.40594,1.00,1.56
2015.02.26 18:41:13.651,9.40361,9.40574,1.00,1.19
2015.02.26 18:41:13.854,9.40282,9.40599,1.00,1.94
2015.02.26 18:41:14.108,9.40282,9.40574,1.00,1.26
2015.02.26 18:41:14.509,9.40291,9.40574,1.00,1.56
2015.02.26 18:41:14.822,9.40316,9.40574,1.00,1.56
2015.02.26 18:41:15.850,9.40237,9.40564,1.00,1.19
2015.02.26 18:41:16.274,9.40237,9.40564,1.00,1.19
2015.02.26 18:41:16.919,9.40237,9.40524,1.00,1.19
2015.02.26 18:41:17.229,9.40276,9.40524,1.00,1.56
2015.02.26 18:41:19.217,9.40276,9.40514,1.00,1.69
2015.02.26 18:41:23.587,9.40276,9.40514,1.00,1.19
2015.02.26 18:41:26.316,9.40276,9.40514,1.00,1.56
2015.02.26 18:41:28.415,9.40276,9.40514,1.00,1.19
2015.02.26 18:41:30.400,9.40276,9.40494,1.00,1.69
2015.02.26 18:41:41.518,9.40276,9.40504,1.00,1.94
2015.02.26 18:41:41.746,9.40266,9.40534,1.00,2.44
2015.02.26 18:41:41.797,9.40261,9.40534,1.00,3.19
2015.02.26 18:41:41.903,9.40261,9.40534,1.00,2.44
2015.02.26 18:41:42.055,9.40261,9.40534,1.00,2.44
2015.02.26 18:41:44.057,9.40261,9.40532,1.00,1.56
2015.02.26 18:41:44.108,9.40268,9.40524,1.00,1.56
2015.02.26 18:41:44.555,9.4028,9.40514,1.00,1.94
2015.02.26 18:41:44.859,9.40306,9.40524,1.00,1.94
2015.02.26 18:41:45.115,9.40234,9.40514,1.00,1.94
2015.02.26 18:41:45.166,9.40234,9.40514,1.00,1.94
2015.02.26 18:41:45.469,9.40266,9.40514,1.00,1.94
2015.02.26 18:41:45.927,9.40266,9.40507,1.00,1.26
2015.02.26 18:41:48.470,9.40266,9.40512,1.00,1.19
2015.02.26 18:41:48.830,9.40272,9.40512,1.00,1.19
2015.02.26 18:41:49.400,9.40301,9.40545,1.00,1.19
2015.02.26 18:41:50.867,9.40301,9.40564,1.00,2.06
2015.02.26 18:41:51.687,9.40301,9.40564,1.00,1.56
2015.02.26 18:41:51.788,9.4029,9.40564,1.00,1.56
2015.02.26 18:41:51.839,9.40309,9.40564,1.00,1.56
2015.02.26 18:41:52.148,9.40324,9.40564,1.00,1.56
2015.02.26 18:41:52.458,9.40351,9.40564,1.00,1.56
2015.02.26 18:41:53.841,9.40351,9.40564,1.00,1.56
2015.02.26 18:41:55.946,9.40351,9.40609,1.00,1.01
2015.02.26 18:41:57.985,9.40351,9.40611,1.00,1.01
2015.02.26 18:42:02.714,9.40351,9.40611,1.00,1.31
2015.02.26 18:42:05.675,9.40351,9.40611,1.00,1.31
2015.02.26 18:42:07.724,9.40351,9.40606,1.00,1.31
2015.02.26 18:42:09.983,9.40351,9.40611,1.00,1.31
2015.02.26 18:42:12.613,9.40351,9.40588,1.00,1.01
2015.02.26 18:42:13.169,9.40331,9.40574,1.00,1.19
2015.02.26 18:42:15.696,9.40331,9.40595,1.00,1.94
2015.02.26 18:42:17.566,9.4031,9.40585,1.00,1.56
2015.02.26 18:42:17.900,9.4031,9.40585,1.00,1.94
2015.02.26 18:42:19.258,9.4031,9.40454,1.00,1.50
2015.02.26 18:42:29.745,9.4031,9.40454,1.00,1.69
2015.02.26 18:42:30.214,9.40263,9.40454,1.00,1.69
2015.02.26 18:42:31.833,9.40263,9.40454,1.00,1.50
2015.02.26 18:43:08.065,9.40186,9.40454,1.26,1.50
2015.02.26 18:43:08.116,9.40186,9.40454,1.26,1.69
2015.02.26 18:43:10.084,9.40214,9.40454,1.00,1.69
2015.02.26 18:43:10.390,9.40214,9.40454,1.00,1.69
2015.02.26 18:43:13.319,9.40214,9.40454,1.19,1.50
2015.02.26 18:43:16.115,9.40245,9.40454,1.00,1.50
2015.02.26 18:43:19.404,9.40245,9.40518,1.00,1.19
2015.02.26 18:43:20.834,9.40245,9.40518,1.00,1.19
2015.02.26 18:43:20.936,9.40245,9.40518,1.00,1.19
2015.02.26 18:43:23.157,9.40245,9.40518,1.00,1.19
2015.02.26 18:43:28.606,9.40245,9.40518,1.25,1.19
2015.02.26 18:43:31.401,9.40245,9.40518,1.19,1.19
2015.02.26 18:43:34.480,9.40245,9.40518,1.19,1.19
2015.02.26 18:43:36.206,9.40245,9.40518,1.00,1.19
2015.02.26 18:43:38.679,9.40245,9.40518,1.00,1.19
2015.02.26 18:43:46.994,9.40245,9.40518,1.19,1.19
2015.02.26 18:43:49.599,9.40245,9.40518,1.19,1.19
2015.02.26 18:43:56.113,9.40245,9.40518,1.19,1.19
2015.02.26 18:43:56.636,9.40245,9.40518,1.10,1.19
2015.02.26 18:43:58.919,9.40245,9.40518,1.19,1.19
2015.02.26 18:44:00.834,9.40245,9.40518,1.26,1.00
2015.02.26 18:44:00.885,9.40296,9.40518,1.00,1.00
2015.02.26 18:44:00.986,9.40296,9.40615,1.19,1.76
2015.02.26 18:44:02.936,9.40296,9.40615,1.19,1.69
2015.02.26 18:44:05.360,9.4031,9.40615,1.19,1.69
2015.02.26 18:44:08.186,9.4031,9.40615,1.19,1.69
2015.02.26 18:44:10.146,9.40309,9.40615,1.19,1.69
2015.02.26 18:44:11.563,9.40309,9.40615,1.00,1.69
2015.02.26 18:44:11.866,9.40216,9.40514,1.56,1.69
2015.02.26 18:44:12.018,9.40196,9.40514,1.26,1.69
2015.02.26 18:44:14.354,9.40186,9.40499,1.56,1.19
2015.02.26 18:44:19.537,9.402,9.40473,1.26,1.00
2015.02.26 18:44:20.078,9.402,9.40473,1.26,1.19
2015.02.26 18:44:22.770,9.402,9.40473,1.26,1.19
2015.02.26 18:44:30.105,9.402,9.40473,1.26,1.00
2015.02.26 18:44:30.206,9.402,9.40473,1.26,1.00
2015.02.26 18:44:32.335,9.402,9.40473,1.26,1.00
2015.02.26 18:44:34.791,9.402,9.40473,1.26,1.19
2015.02.26 18:44:37.599,9.402,9.40473,1.26,1.00
2015.02.26 18:44:39.930,9.4021,9.40473,1.19,1.00
2015.02.26 18:44:46.117,9.4021,9.40473,1.19,1.00
2015.02.26 18:44:50.536,9.40207,9.40473,1.29,1.00
2015.02.26 18:44:55.644,9.40207,9.40473,1.29,1.00
2015.02.26 18:45:02.095,9.40216,9.40473,1.19,1.19
2015.02.26 18:45:02.197,9.40216,9.40514,1.19,1.69
2015.02.26 18:45:02.465,9.40286,9.40604,1.19,1.69
2015.02.26 18:45:03.105,9.4034,9.40604,1.00,1.69
2015.02.26 18:45:03.685,9.4034,9.40604,1.00,1.50
2015.02.26 18:45:05.456,9.4034,9.40724,1.00,1.76
2015.02.26 18:45:05.608,9.4035,9.40724,1.00,1.69
2015.02.26 18:45:05.913,9.404,9.40724,1.00,1.50
2015.02.26 18:45:06.592,9.404,9.40724,1.19,1.69
2015.02.26 18:45:06.948,9.40459,9.40724,1.00,1.69
2015.02.26 18:45:07.845,9.40459,9.40724,1.00,1.50
2015.02.26 18:45:07.947,9.4052,9.40724,1.00,1.50
2015.02.26 18:45:08.199,9.4052,9.40824,1.00,1.57
2015.02.26 18:45:08.250,9.4052,9.40824,1.00,1.50
2015.02.26 18:45:08.352,9.4052,9.40824,1.00,1.87
2015.02.26 18:45:08.655,9.4052,9.40824,1.00,1.87
2015.02.26 18:45:08.706,9.4052,9.40824,1.00,1.50
2015.02.26 18:45:09.364,9.4052,9.40824,1.00,1.57
2015.02.26 18:45:09.667,9.4052,9.40824,1.00,1.76
2015.02.26 18:45:11.606,9.4052,9.40824,1.00,1.76
2015.02.26 18:45:12.137,9.4052,9.40824,1.00,1.76
2015.02.26 18:45:13.173,9.40484,9.40824,1.00,1.76
2015.02.26 18:45:14.154,9.40484,9.40824,1.00,1.76
2015.02.26 18:45:16.703,9.40484,9.40824,1.00,2.06
2015.02.26 18:45:18.838,9.40484,9.40824,1.00,2.06
2015.02.26 18:45:18.889,9.40457,9.40813,1.00,1.56
2015.02.26 18:45:19.828,9.40457,9.40813,1.00,1.56
2015.02.26 18:45:20.030,9.40457,9.40824,1.00,2.44
2015.02.26 18:45:21.713,9.40457,9.40744,1.00,1.50
2015.02.26 18:45:22.424,9.40457,9.40744,1.00,1.57
2015.02.26 18:45:27.539,9.40436,9.40744,1.00,1.57
2015.02.26 18:45:28.485,9.40436,9.40744,1.00,1.50
2015.02.26 18:45:29.466,9.40436,9.40744,1.00,1.57
2015.02.26 18:45:31.396,9.40436,9.40738,1.00,1.56
2015.02.26 18:45:31.699,9.40373,9.40738,1.00,1.19
2015.02.26 18:45:33.329,9.40373,9.40653,1.00,1.00
2015.02.26 18:45:34.052,9.40373,9.40653,1.00,1.19
2015.02.26 18:45:36.456,9.40373,9.40653,1.00,1.19
2015.02.26 18:45:38.962,9.40373,9.40653,1.25,1.00
2015.02.26 18:45:44.397,9.40352,9.40653,1.19,1.00
2015.02.26 18:45:46.576,9.40352,9.40653,1.00,1.19
2015.02.26 18:45:51.283,9.40366,9.40653,1.00,1.19
2015.02.26 18:45:52.204,9.40385,9.40658,1.00,1.19
2015.02.26 18:45:52.440,9.40385,9.40658,1.00,1.19
2015.02.26 18:45:52.643,9.40369,9.40735,1.00,1.56
2015.02.26 18:45:53.135,9.40369,9.40734,1.19,1.56
2015.02.26 18:45:53.848,9.40415,9.40688,1.00,1.26
2015.02.26 18:45:54.601,9.40366,9.40677,1.19,1.26
2015.02.26 18:45:54.854,9.40405,9.40678,1.00,1.19
2015.02.26 18:45:55.924,9.40405,9.40678,1.00,1.19
2015.02.26 18:45:58.597,9.40405,9.40678,1.00,1.19
2015.02.26 18:46:02.236,9.40405,9.40678,1.19,1.19
2015.02.26 18:46:06.211,9.40405,9.40678,1.00,1.19
2015.02.26 18:46:12.422,9.40405,9.40678,1.00,1.19
2015.02.26 18:46:14.727,9.40405,9.40678,1.19,1.19
2015.02.26 18:46:22.147,9.4043,9.40703,1.00,1.19
2015.02.26 18:46:25.246,9.4043,9.40703,1.00,1.19
2015.02.26 18:46:29.853,9.4043,9.40703,1.00,1.19
2015.02.26 18:46:32.157,9.4043,9.40703,1.19,1.19
2015.02.26 18:46:32.599,9.4043,9.40703,1.00,1.19
2015.02.26 18:46:32.700,9.40421,9.40713,1.00,1.19
2015.02.26 18:46:34.704,9.40421,9.40688,1.00,1.19
2015.02.26 18:46:36.875,9.40421,9.40678,1.00,1.19
2015.02.26 18:46:37.673,9.40405,9.40678,1.00,1.19
2015.02.26 18:46:40.072,9.40405,9.40678,1.00,1.19
2015.02.26 18:46:43.479,9.40405,9.40678,1.19,1.19
2015.02.26 18:46:45.786,9.40405,9.40678,1.19,1.19
2015.02.26 18:46:52.134,9.40405,9.40678,1.00,1.19
2015.02.26 18:46:52.438,9.40394,9.40694,1.00,1.19
2015.02.26 18:46:53.096,9.40342,9.40671,1.00,1.56
2015.02.26 18:46:53.147,9.40342,9.40652,1.00,1.26
2015.02.26 18:46:53.716,9.40355,9.40628,1.00,1.19
2015.02.26 18:46:54.889,9.40342,9.40639,1.00,1.19
2015.02.26 18:46:55.730,9.40342,9.40603,1.00,1.19
2015.02.26 18:46:56.094,9.40355,9.40628,1.00,1.19
2015.02.26 18:46:57.193,9.40342,9.40634,1.00,1.19
2015.02.26 18:46:58.084,9.40341,9.40603,1.00,1.19
2015.02.26 18:46:58.310,9.40341,9.40603,1.00,1.19
2015.02.26 18:47:00.929,9.40341,9.40603,1.00,1.19
2015.02.26 18:47:02.933,9.40341,9.40603,1.00,1.19
2015.02.26 18:47:05.437,9.40341,9.40603,1.00,1.19
2015.02.26 18:47:07.439,9.40341,9.40603,1.00,1.19
2015.02.26 18:47:15.253,9.40341,9.40603,1.00,1.19
2015.02.26 18:47:18.657,9.40341,9.40603,1.00,1.19
2015.02.26 18:47:25.572,9.40341,9.40603,1.00,1.19
2015.02.26 18:47:25.916,9.40341,9.40663,1.19,1.19
2015.02.26 18:47:25.967,9.40346,9.40663,1.00,1.19
2015.02.26 18:47:26.271,9.4035,9.40623,1.00,1.19
2015.02.26 18:47:27.106,9.40346,9.40654,1.00,1.19
2015.02.26 18:47:27.892,9.40346,9.40674,1.19,1.19
2015.02.26 18:47:27.993,9.40375,9.40648,1.00,1.19
2015.02.26 18:47:28.145,9.40346,9.40629,1.19,1.19
2015.02.26 18:47:28.196,9.40346,9.40629,1.00,1.19
2015.02.26 18:47:30.277,9.40346,9.40613,1.00,1.19
2015.02.26 18:47:31.373,9.40345,9.40613,1.00,1.19
2015.02.26 18:47:31.423,9.40345,9.40654,1.19,1.19
2015.02.26 18:47:32.283,9.4038,9.40653,1.00,1.19
2015.02.26 18:47:32.587,9.4038,9.40653,1.19,1.19
2015.02.26 18:47:32.942,9.40385,9.40658,1.00,1.19
2015.02.26 18:47:34.322,9.40385,9.40658,1.00,1.19
2015.02.26 18:47:34.372,9.40345,9.4065,1.00,1.19
2015.02.26 18:47:34.423,9.40345,9.4065,1.00,1.19
2015.02.26 18:47:35.700,9.40345,9.40618,1.69,1.19
2015.02.26 18:47:36.513,9.40351,9.40618,1.00,1.19
2015.02.26 18:47:37.791,9.40351,9.40618,1.00,1.19
2015.02.26 18:47:38.228,9.4037,9.40643,1.00,1.19
2015.02.26 18:47:38.766,9.40351,9.40623,1.00,1.19
2015.02.26 18:47:39.119,9.40351,9.40623,1.00,1.19
2015.02.26 18:47:40.240,9.40365,9.40638,1.00,1.19
2015.02.26 18:47:41.141,9.40365,9.40638,1.00,1.19
2015.02.26 18:47:41.192,9.40351,9.40652,1.00,1.19
2015.02.26 18:47:42.656,9.4036,9.40633,1.00,1.19
2015.02.26 18:47:46.256,9.4036,9.40633,1.00,1.19
2015.02.26 18:47:49.125,9.4036,9.40633,1.00,1.19
2015.02.26 18:47:51.261,9.4036,9.40633,1.00,1.19
2015.02.26 18:48:01.535,9.40338,9.40648,1.19,1.19
2015.02.26 18:48:01.687,9.40338,9.40648,1.00,1.19
2015.02.26 18:48:03.192,9.40355,9.40628,1.00,1.19
2015.02.26 18:48:03.345,9.40338,9.40656,1.50,1.19
2015.02.26 18:48:03.447,9.4036,9.40633,1.00,1.19
2015.02.26 18:48:05.450,9.4036,9.40633,1.00,1.19
2015.02.26 18:48:08.653,9.4036,9.40633,1.00,1.19
2015.02.26 18:48:13.462,9.4036,9.40633,1.00,1.19
2015.02.26 18:48:19.873,9.4036,9.40633,1.00,1.19
2015.02.26 18:48:33.496,9.4036,9.40633,1.00,1.19
2015.02.26 18:48:35.622,9.4036,9.40633,1.00,1.19
2015.02.26 18:48:39.508,9.4036,9.40633,1.00,1.19
2015.02.26 18:48:56.873,9.40342,9.40642,1.00,1.19
2015.02.26 18:48:57.176,9.40355,9.40628,1.00,1.19
2015.02.26 18:48:59.158,9.40355,9.40628,1.00,1.19
2015.02.26 18:49:03.375,9.40355,9.40628,1.00,1.19
2015.02.26 18:49:09.887,9.40355,9.40628,1.00,1.19
2015.02.26 18:49:13.094,9.40355,9.40628,1.00,1.19
2015.02.26 18:49:16.702,9.40355,9.40628,1.00,1.19
2015.02.26 18:49:21.414,9.40355,9.40628,1.00,1.19
2015.02.26 18:49:25.048,9.40339,9.40643,1.00,1.19
2015.02.26 18:49:26.702,9.4031,9.40593,1.25,1.19
2015.02.26 18:49:28.329,9.4031,9.40593,1.00,1.19
2015.02.26 18:49:30.580,9.4031,9.40593,1.00,1.19
2015.02.26 18:49:33.191,9.4031,9.40593,1.00,1.19
2015.02.26 18:49:36.247,9.4031,9.40593,1.00,1.19
2015.02.26 18:49:42.295,9.40312,9.40652,1.00,1.56
2015.02.26 18:49:42.396,9.40312,9.40652,1.00,1.56
2015.02.26 18:49:42.869,9.40312,9.40652,1.19,1.56
2015.02.26 18:49:43.189,9.4035,9.40623,1.00,1.19
2015.02.26 18:49:43.626,9.40334,9.40693,1.00,1.18
2015.02.26 18:49:43.727,9.40345,9.40693,1.00,1.19
2015.02.26 18:49:44.100,9.40347,9.40694,1.00,2.73
2015.02.26 18:49:44.730,9.40385,9.40658,1.00,1.19
2015.02.26 18:49:46.268,9.40385,9.40658,1.00,1.19
2015.02.26 18:49:49.274,9.40385,9.40658,1.00,1.19
2015.02.26 18:49:51.723,9.40385,9.40658,1.00,1.19
2015.02.26 18:49:55.007,9.40385,9.40658,1.00,1.19
2015.02.26 18:49:58.489,9.40385,9.40658,1.00,1.19
2015.02.26 18:50:01.101,9.40385,9.40658,1.00,1.19
2015.02.26 18:50:03.539,9.40385,9.40658,1.00,1.19
2015.02.26 18:50:11.159,9.40385,9.40658,1.00,1.19
2015.02.26 18:50:13.521,9.40385,9.40658,1.00,1.19
2015.02.26 18:50:31.354,9.40385,9.40658,1.00,1.19
2015.02.26 18:50:34.759,9.40385,9.40658,1.00,1.19
2015.02.26 18:50:45.109,9.40353,9.40684,1.19,1.20
2015.02.26 18:50:50.185,9.40353,9.40684,1.19,1.20
2015.02.26 18:50:53.833,9.40353,9.40673,1.00,1.03
2015.02.26 18:50:54.287,9.40325,9.40669,1.00,1.09
2015.02.26 18:50:54.389,9.4036,9.40633,1.00,1.26
2015.02.26 18:50:55.898,9.4036,9.40633,1.00,1.26
2015.02.26 18:50:56.333,9.40367,9.40669,1.00,1.09
2015.02.26 18:50:56.434,9.40367,9.40669,1.19,1.09
2015.02.26 18:50:56.689,9.40386,9.40679,1.00,1.33
2015.02.26 18:50:57.082,9.40395,9.40668,1.00,1.71
2015.02.26 18:50:58.108,9.40395,9.40668,1.00,1.71
2015.02.26 18:50:58.210,9.40386,9.40675,1.00,1.85
2015.02.26 18:50:59.503,9.40386,9.40633,1.00,1.19
2015.02.26 18:51:00.641,9.40386,9.40638,1.00,1.19
2015.02.26 18:51:01.190,9.40386,9.40613,1.00,1.00
2015.02.26 18:51:01.887,9.40414,9.40613,1.00,1.00
2015.02.26 18:51:02.816,9.40414,9.40687,1.00,1.56
2015.02.26 18:51:02.867,9.40414,9.40687,1.00,1.56
2015.02.26 18:51:07.048,9.40414,9.40653,1.00,1.31
2015.02.26 18:51:09.153,9.40414,9.40653,1.00,1.31
2015.02.26 18:51:09.340,9.40401,9.40653,1.00,1.31
2015.02.26 18:51:10.362,9.40401,9.40653,1.00,1.31
2015.02.26 18:51:10.725,9.40401,9.40653,1.00,1.94
2015.02.26 18:51:16.506,9.40401,9.40653,1.00,1.94
2015.02.26 18:51:16.557,9.40357,9.40653,1.00,1.94
2015.02.26 18:51:16.709,9.40357,9.40653,1.00,1.94
2015.02.26 18:51:17.013,9.40357,9.40672,1.00,1.94
2015.02.26 18:51:17.064,9.40295,9.40672,1.19,1.94
2015.02.26 18:51:17.275,9.40295,9.40643,1.00,1.94
2015.02.26 18:51:19.418,9.40295,9.40613,1.00,1.09
2015.02.26 18:51:19.614,9.40295,9.40613,1.00,1.09
2015.02.26 18:51:19.665,9.40295,9.40613,1.00,1.09
2015.02.26 18:51:19.996,9.40295,9.40613,1.00,1.09
2015.02.26 18:51:20.198,9.40295,9.40613,1.00,2.14
2015.02.26 18:51:20.777,9.40295,9.40613,1.00,2.14
2015.02.26 18:51:21.701,9.40295,9.40613,1.00,2.14
2015.02.26 18:51:25.187,9.40295,9.40613,1.00,2.14
2015.02.26 18:51:27.097,9.40259,9.40613,1.19,2.14
2015.02.26 18:51:28.092,9.40259,9.40613,1.19,2.14
2015.02.26 18:51:29.294,9.40259,9.40613,1.00,2.14
2015.02.26 18:51:29.599,9.40259,9.40613,1.00,1.09
2015.02.26 18:51:29.650,9.40259,9.40613,1.00,1.09
2015.02.26 18:51:33.579,9.40252,9.40613,1.00,2.14
2015.02.26 18:51:39.909,9.40253,9.40613,1.00,1.09
2015.02.26 18:51:40.010,9.40253,9.40613,1.00,1.09
2015.02.26 18:51:40.328,9.40253,9.40613,1.00,1.09
2015.02.26 18:51:43.521,9.40253,9.40613,1.00,2.14
2015.02.26 18:51:45.598,9.40262,9.40613,1.00,2.14
2015.02.26 18:51:46.541,9.40262,9.40613,1.19,2.14
2015.02.26 18:51:49.331,9.40262,9.40613,1.19,2.14
2015.02.26 18:51:49.832,9.40262,9.40613,1.00,2.14
2015.02.26 18:51:50.066,9.40262,9.40613,1.00,2.14
2015.02.26 18:51:50.587,9.40262,9.40613,1.00,1.09
2015.02.26 18:51:52.946,9.40256,9.40613,1.00,2.14
2015.02.26 18:52:00.163,9.40256,9.40613,1.00,2.14
2015.02.26 18:52:00.493,9.40258,9.40613,1.00,1.09
2015.02.26 18:52:03.461,9.40258,9.40613,1.00,2.14
2015.02.26 18:52:05.690,9.40272,9.40613,1.00,2.14
2015.02.26 18:52:06.088,9.40272,9.40613,1.00,2.14
2015.02.26 18:52:12.782,9.40272,9.40613,1.00,2.14
2015.02.26 18:52:12.883,9.4026,9.40613,1.00,2.14
2015.02.26 18:52:15.331,9.4026,9.40613,1.00,2.14
2015.02.26 18:52:18.719,9.40262,9.40613,1.00,2.14
2015.02.26 18:52:19.997,9.40262,9.40613,1.19,2.14
2015.02.26 18:52:22.201,9.40262,9.40613,1.19,1.76
2015.02.26 18:52:25.506,9.40262,9.40613,1.19,1.76
2015.02.26 18:52:27.939,9.40262,9.40613,1.19,1.76
2015.02.26 18:52:30.215,9.40262,9.40613,1.19,1.76
2015.02.26 18:52:32.329,9.40261,9.40613,1.19,1.76
2015.02.26 18:52:35.623,9.40261,9.40613,1.19,1.76
2015.02.26 18:52:36.024,9.40261,9.40613,1.00,1.76
2015.02.26 18:52:36.328,9.40261,9.40616,1.00,1.09
2015.02.26 18:52:36.379,9.40266,9.40616,1.00,1.09
2015.02.26 18:52:38.345,9.40266,9.40613,1.00,1.09
2015.02.26 18:52:38.547,9.40266,9.40619,1.00,1.09
2015.02.26 18:52:39.561,9.40266,9.40613,1.00,1.76
2015.02.26 18:52:39.967,9.40266,9.40613,1.00,1.09
2015.02.26 18:52:40.178,9.40266,9.40605,1.00,1.31
2015.02.26 18:52:40.577,9.40266,9.40613,1.00,2.14
2015.02.26 18:52:41.567,9.40266,9.40613,1.00,2.14
2015.02.26 18:52:41.718,9.40265,9.40617,1.00,1.71
2015.02.26 18:52:41.907,9.40264,9.40613,1.00,1.09
2015.02.26 18:52:43.476,9.40264,9.40613,1.00,2.14
2015.02.26 18:52:44.351,9.40264,9.40613,1.00,2.14
2015.02.26 18:52:48.792,9.40246,9.40613,1.00,2.14
2015.02.26 18:52:49.354,9.40246,9.40613,1.00,1.09
2015.02.26 18:52:50.688,9.40246,9.40617,1.00,1.09
2015.02.26 18:52:50.739,9.40246,9.40613,1.00,1.09
2015.02.26 18:52:51.185,9.40246,9.40621,1.00,1.09
2015.02.26 18:52:51.894,9.40246,9.40613,1.19,1.76
2015.02.26 18:52:53.388,9.40246,9.40613,1.00,1.76
2015.02.26 18:52:53.907,9.40266,9.40624,1.00,2.41
2015.02.26 18:52:54.378,9.40266,9.40613,1.00,1.76
2015.02.26 18:52:59.711,9.40269,9.40613,1.00,1.46
2015.02.26 18:53:02.294,9.40269,9.40613,1.25,1.76
2015.02.26 18:53:03.783,9.40269,9.40613,1.00,1.76
2015.02.26 18:53:06.182,9.40269,9.40613,1.00,1.76
2015.02.26 18:53:08.286,9.40269,9.40613,1.00,1.76
2015.02.26 18:53:10.920,9.40269,9.40613,1.00,1.76
2015.02.26 18:53:12.997,9.40269,9.40613,1.00,1.76
2015.02.26 18:53:14.060,9.40252,9.40613,1.19,1.76
2015.02.26 18:53:14.617,9.40252,9.40629,1.00,1.25
2015.02.26 18:53:16.609,9.40252,9.40623,1.00,1.03
2015.02.26 18:53:16.917,9.40252,9.40633,1.19,1.55
2015.02.26 18:53:17.807,9.40252,9.40613,1.00,1.76
2015.02.26 18:53:19.912,9.40252,9.40613,1.00,1.76
2015.02.26 18:53:23.516,9.40252,9.40613,1.00,1.56
2015.02.26 18:53:25.929,9.40252,9.40613,1.19,1.56
2015.02.26 18:53:28.065,9.40253,9.40613,1.00,1.56
2015.02.26 18:53:32.141,9.40247,9.40613,1.19,1.56
2015.02.26 18:53:33.371,9.40247,9.40613,1.19,1.56
2015.02.26 18:53:38.543,9.40247,9.40613,1.19,1.56
2015.02.26 18:53:45.393,9.40247,9.40613,1.19,1.56
2015.02.26 18:53:50.160,9.40247,9.40613,1.19,1.56
2015.02.26 18:53:58.915,9.40247,9.40613,1.19,1.56
2015.02.26 18:54:02.078,9.40247,9.40613,1.19,1.56
2015.02.26 18:54:07.187,9.40247,9.40613,1.19,1.56
2015.02.26 18:54:16.806,9.40247,9.40613,1.19,1.56
2015.02.26 18:54:20.008,9.40247,9.40624,1.19,1.10
2015.02.26 18:54:27.026,9.40247,9.40614,1.19,1.09
2015.02.26 18:54:29.752,9.40247,9.40614,1.19,1.09
2015.02.26 18:54:32.659,9.40247,9.40614,1.19,1.09
2015.02.26 18:54:34.750,9.40247,9.40614,1.19,1.09
2015.02.26 18:54:40.240,9.40247,9.40614,1.19,1.09
2015.02.26 18:54:42.347,9.40247,9.40614,1.19,1.09
2015.02.26 18:54:44.547,9.40247,9.40614,1.19,1.09
2015.02.26 18:54:48.466,9.40247,9.40614,1.19,1.09
2015.02.26 18:54:50.657,9.40247,9.40614,1.19,1.09
2015.02.26 18:54:52.394,9.40186,9.40614,1.00,1.09
2015.02.26 18:54:52.445,9.40176,9.40614,1.00,1.09
2015.02.26 18:54:52.623,9.40176,9.40614,1.75,1.09
2015.02.26 18:54:57.569,9.40176,9.40613,1.94,1.09
2015.02.26 18:55:03.628,9.40176,9.40613,1.19,1.09
2015.02.26 18:55:05.824,9.40176,9.40613,1.19,1.09
2015.02.26 18:55:09.925,9.40176,9.40613,1.94,1.09
2015.02.26 18:55:10.529,9.40176,9.40563,1.75,1.26
2015.02.26 18:55:10.580,9.40176,9.40563,1.00,1.26
2015.02.26 18:55:10.681,9.40147,9.40517,1.01,1.00
2015.02.26 18:55:11.236,9.40136,9.40517,1.94,1.07
2015.02.26 18:55:11.647,9.40216,9.40556,1.19,1.94
2015.02.26 18:55:12.857,9.40189,9.40462,1.19,1.00
2015.02.26 18:55:13.777,9.40189,9.40462,1.19,1.00
2015.02.26 18:55:14.823,9.40175,9.40542,1.19,1.56
2015.02.26 18:55:14.874,9.40111,9.40542,1.64,1.56
2015.02.26 18:55:14.975,9.40086,9.40542,2.24,1.56
2015.02.26 18:55:15.148,9.40086,9.40542,2.24,1.94
2015.02.26 18:55:16.115,9.40076,9.40499,2.30,1.07
2015.02.26 18:55:16.166,9.40105,9.40422,1.19,1.00
2015.02.26 18:55:16.486,9.40116,9.40422,1.94,1.00
2015.02.26 18:55:18.550,9.40106,9.40422,2.04,1.00
2015.02.26 18:55:18.600,9.40106,9.40402,2.04,1.00
2015.02.26 18:55:19.562,9.40106,9.40444,1.94,1.00
2015.02.26 18:55:20.066,9.40087,9.40444,1.16,1.00
2015.02.26 18:55:20.805,9.40087,9.40392,1.16,1.00
2015.02.26 18:55:21.947,9.40087,9.40392,1.16,1.00
2015.02.26 18:55:28.243,9.40087,9.40392,1.16,1.00
2015.02.26 18:55:29.058,9.40087,9.40392,1.16,1.00
2015.02.26 18:55:31.044,9.40087,9.40392,1.16,1.00
2015.02.26 18:55:33.153,9.40087,9.40392,1.16,1.00
2015.02.26 18:55:38.056,9.40087,9.40392,1.16,1.00
2015.02.26 18:55:42.665,9.40087,9.40392,1.16,1.00
2015.02.26 18:55:45.670,9.40087,9.40392,1.16,1.00
2015.02.26 18:55:51.408,9.40087,9.40392,1.16,1.00
2015.02.26 18:55:59.494,9.40087,9.40392,1.16,1.00
2015.02.26 18:56:00.127,9.40077,9.40392,1.64,1.00
2015.02.26 18:56:00.296,9.40077,9.40392,1.64,1.19
2015.02.26 18:56:00.605,9.40077,9.40392,1.64,1.19
2015.02.26 18:56:01.798,9.40077,9.40392,1.45,1.00
2015.02.26 18:56:02.367,9.40077,9.40425,1.45,1.56
2015.02.26 18:56:02.885,9.40077,9.40392,1.45,1.00
2015.02.26 18:56:16.350,9.40077,9.40392,1.64,1.19
2015.02.26 18:56:18.727,9.40077,9.40392,1.64,1.56
2015.02.26 18:56:21.977,9.40077,9.40392,1.64,1.56
2015.02.26 18:56:24.739,9.40077,9.40392,1.64,1.56
2015.02.26 18:56:27.386,9.40077,9.40392,1.64,1.56
2015.02.26 18:56:27.847,9.40077,9.40392,1.45,1.37
2015.02.26 18:56:28.049,9.40077,9.40417,1.45,1.75
2015.02.26 18:56:38.691,9.40077,9.40392,1.64,1.56
2015.02.26 18:56:41.973,9.40077,9.40392,1.64,1.56
2015.02.26 18:56:44.095,9.40077,9.40392,1.45,1.37
2015.02.26 18:56:46.214,9.40077,9.40392,1.45,1.37
2015.02.26 18:56:55.046,9.40077,9.40392,1.64,1.56
2015.02.26 18:56:56.301,9.40077,9.40392,1.45,1.37
2015.02.26 18:57:00.709,9.40077,9.40392,1.45,1.75
2015.02.26 18:57:07.063,9.40077,9.40392,1.45,1.56
2015.02.26 18:57:11.478,9.40077,9.40392,1.64,1.56
2015.02.26 18:57:13.683,9.40077,9.40392,1.64,1.56
2015.02.26 18:57:16.341,9.40077,9.40392,1.64,1.56
2015.02.26 18:57:20.923,9.40077,9.40392,1.64,1.94
2015.02.26 18:57:22.997,9.40077,9.40392,1.64,1.94
2015.02.26 18:57:25.363,9.40077,9.40392,1.64,1.94
2015.02.26 18:57:26.642,9.40077,9.40392,1.64,1.94
2015.02.26 18:57:27.708,9.40077,9.40392,1.64,1.94
2015.02.26 18:57:30.011,9.40077,9.40392,1.64,1.94
2015.02.26 18:57:32.376,9.40077,9.40392,1.64,1.94
2015.02.26 18:57:34.874,9.40077,9.40392,1.45,1.94
2015.02.26 18:57:36.176,9.40077,9.40392,1.45,1.94
2015.02.26 18:57:36.227,9.40046,9.40392,1.55,1.94
2015.02.26 18:57:36.278,9.40046,9.40392,1.55,1.94
2015.02.26 18:57:36.329,9.40015,9.40392,1.00,1.94
2015.02.26 18:57:36.379,9.40015,9.40392,1.00,1.94
2015.02.26 18:57:36.661,9.39986,9.40314,1.00,1.50
2015.02.26 18:57:36.863,9.39976,9.40314,1.00,1.50
2015.02.26 18:57:37.653,9.39956,9.40314,1.00,1.50
2015.02.26 18:57:40.283,9.39956,9.40314,1.00,1.76
2015.02.26 18:57:43.189,9.39956,9.40314,1.00,1.76
2015.02.26 18:57:43.913,9.39956,9.40314,1.00,1.76
2015.02.26 18:57:46.022,9.39956,9.40314,1.00,1.76
2015.02.26 18:57:46.832,9.39956,9.40314,1.00,1.76
2015.02.26 18:57:46.883,9.39986,9.40314,1.00,1.76
2015.02.26 18:57:47.186,9.39996,9.40314,1.00,1.76
2015.02.26 18:57:48.215,9.39956,9.40314,1.00,1.76
2015.02.26 18:57:48.623,9.39945,9.40314,1.00,1.76
2015.02.26 18:57:48.812,9.39945,9.40314,1.00,1.76
2015.02.26 18:57:48.971,9.39976,9.40314,1.00,1.76
2015.02.26 18:57:49.340,9.39986,9.40314,1.00,1.76
2015.02.26 18:57:50.152,9.39956,9.40314,1.00,1.76
2015.02.26 18:57:51.220,9.39956,9.40314,1.00,1.76
2015.02.26 18:57:54.410,9.39956,9.40314,1.00,1.76
2015.02.26 18:57:55.437,9.39946,9.40314,1.00,1.76
2015.02.26 18:57:55.804,9.39946,9.40244,1.00,1.50
2015.02.26 18:58:01.373,9.39916,9.40244,1.00,1.50
2015.02.26 18:58:01.475,9.39916,9.40244,1.00,1.69
2015.02.26 18:58:05.363,9.39869,9.40244,1.00,2.06
2015.02.26 18:58:07.645,9.39869,9.40218,1.00,1.26
2015.02.26 18:58:09.841,9.39869,9.40218,1.00,1.26
2015.02.26 18:58:12.776,9.39869,9.40218,1.00,1.26
2015.02.26 18:58:15.979,9.39869,9.40218,1.00,1.26
2015.02.26 18:58:17.058,9.39869,9.40218,1.00,1.26
2015.02.26 18:58:20.273,9.39869,9.40218,1.00,1.26
2015.02.26 18:58:23.570,9.39869,9.40218,1.00,1.26
2015.02.26 18:58:26.577,9.39869,9.40194,1.00,1.19
2015.02.26 18:58:29.084,9.39869,9.40241,1.00,1.56
2015.02.26 18:58:36.497,9.39869,9.40241,1.00,1.56
2015.02.26 18:58:36.798,9.39869,9.40211,1.00,1.19
2015.02.26 18:58:39.334,9.39869,9.40211,1.00,1.19
2015.02.26 18:58:42.120,9.39869,9.40211,1.00,1.19
2015.02.26 18:58:44.113,9.39869,9.40211,1.00,1.19
2015.02.26 18:58:46.822,9.39869,9.40211,1.00,1.19
2015.02.26 18:58:49.422,9.39869,9.40211,1.00,1.19
2015.02.26 18:58:51.926,9.39869,9.40211,1.00,1.19
2015.02.26 18:58:58.149,9.39869,9.40223,1.00,1.26
2015.02.26 18:59:00.341,9.39869,9.40223,1.00,1.26
2015.02.26 18:59:02.065,9.39869,9.40164,1.00,1.69
2015.02.26 18:59:02.425,9.39856,9.40164,1.00,1.69
2015.02.26 18:59:04.174,9.39856,9.40164,1.00,1.69
2015.02.26 18:59:10.378,9.39856,9.40164,1.00,1.69
2015.02.26 18:59:13.369,9.39856,9.40223,1.00,1.26
2015.02.26 18:59:15.387,9.39856,9.40223,1.00,1.26
2015.02.26 18:59:18.571,9.39869,9.40212,1.00,1.19
2015.02.26 18:59:18.622,9.39869,9.40212,1.00,1.19
2015.02.26 18:59:20.682,9.39869,9.40212,1.00,1.56
2015.02.26 18:59:21.196,9.39915,9.40239,1.00,1.31
2015.02.26 18:59:21.365,9.39869,9.40202,1.00,1.56
2015.02.26 18:59:23.097,9.39869,9.40202,1.00,1.56
2015.02.26 18:59:29.805,9.39913,9.40244,1.00,2.44
2015.02.26 18:59:29.906,9.39868,9.40201,1.00,1.56
2015.02.26 18:59:33.505,9.39868,9.40201,1.00,1.26
2015.02.26 18:59:35.709,9.39868,9.40201,1.00,1.26
2015.02.26 18:59:38.514,9.39868,9.40201,1.00,1.26
2015.02.26 18:59:40.618,9.39868,9.40201,1.00,1.26
2015.02.26 18:59:43.966,9.39868,9.40201,1.00,1.26
2015.02.26 18:59:46.330,9.39868,9.40201,1.00,1.26
2015.02.26 18:59:50.148,9.39868,9.40201,1.00,1.26
2015.02.26 18:59:52.242,9.39868,9.40201,1.00,1.26
2015.02.26 18:59:57.756,9.39868,9.40201,1.00,1.26
2015.02.26 18:59:59.861,9.39868,9.40201,1.00,1.26
