2016.10.27 14:00:00.356,9.84176,9.84434,1.37,1.00
2016.10.27 14:00:00.407,9.84187,9.84434,1.00,1.00
2016.10.27 14:00:00.686,9.84146,9.84415,2.07,1.00
2016.10.27 14:00:00.788,9.84146,9.84393,1.87,1.00
2016.10.27 14:00:01.149,9.84136,9.84393,1.12,1.00
2016.10.27 14:00:01.204,9.84157,9.84405,1.00,1.00
2016.10.27 14:00:01.255,9.84123,9.84405,1.00,1.00
2016.10.27 14:00:01.356,9.84123,9.84393,1.00,1.00
2016.10.27 14:00:01.995,9.84123,9.84375,1.00,3.75
2016.10.27 14:00:02.302,9.84016,9.84228,1.47,1.00
2016.10.27 14:00:02.506,9.83996,9.84228,1.89,1.00
2016.10.27 14:00:02.898,9.83996,9.84265,1.51,1.00
2016.10.27 14:00:02.949,9.83931,9.84265,1.00,1.00
2016.10.27 14:00:03.152,9.83926,9.84249,1.50,1.00
2016.10.27 14:00:03.255,9.83933,9.84265,1.00,1.00
2016.10.27 14:00:03.306,9.83957,9.84265,1.00,1.00
2016.10.27 14:00:03.357,9.83985,9.84326,1.00,1.37
2016.10.27 14:00:03.408,9.83985,9.84326,3.00,1.00
2016.10.27 14:00:03.790,9.84002,9.84326,1.00,1.00
2016.10.27 14:00:04.094,9.84006,9.84326,2.25,1.00
2016.10.27 14:00:05.523,9.84016,9.84326,1.50,1.00
2016.10.27 14:00:06.232,9.84016,9.84274,1.50,1.00
2016.10.27 14:00:06.536,9.83906,9.84129,1.05,1.00
2016.10.27 14:00:06.854,9.83906,9.84095,1.05,1.00
2016.10.27 14:00:07.484,9.83906,9.84116,1.05,1.00
2016.10.27 14:00:07.535,9.83906,9.84139,1.05,1.00
2016.10.27 14:00:07.586,9.83877,9.84104,1.05,1.00
2016.10.27 14:00:08.838,9.83882,9.84104,3.67,1.00
2016.10.27 14:00:10.838,9.83942,9.84125,1.67,1.00
2016.10.27 14:00:11.385,9.83942,9.84125,1.00,1.00
2016.10.27 14:00:13.385,9.8393,9.84125,1.67,1.00
2016.10.27 14:00:21.159,9.83941,9.84125,1.00,1.00
2016.10.27 14:00:22.917,9.83923,9.84118,1.05,1.00
2016.10.27 14:00:25.074,9.83948,9.84125,1.00,1.00
2016.10.27 14:00:25.471,9.83948,9.84146,1.00,1.00
2016.10.27 14:00:28.380,9.83951,9.84149,1.00,1.50
2016.10.27 14:00:29.472,9.83951,9.84143,1.00,1.00
2016.10.27 14:00:29.776,9.83953,9.84143,1.00,1.00
2016.10.27 14:00:30.702,9.83953,9.84151,1.00,1.12
2016.10.27 14:00:31.694,9.83953,9.8414,1.00,1.00
2016.10.27 14:00:32.086,9.83953,9.8414,1.00,1.37
2016.10.27 14:00:35.334,9.83906,9.84107,1.00,1.00
2016.10.27 14:00:36.319,9.83952,9.8414,1.00,1.37
2016.10.27 14:00:36.669,9.83952,9.84132,1.00,1.00
2016.10.27 14:00:37.141,9.83941,9.84132,1.00,1.00
2016.10.27 14:00:39.391,9.83941,9.84127,1.00,1.00
2016.10.27 14:00:39.926,9.83929,9.84127,1.00,1.50
2016.10.27 14:00:40.004,9.83949,9.84127,1.00,1.00
2016.10.27 14:00:40.476,9.83949,9.84118,1.00,1.00
2016.10.27 14:00:41.551,9.83922,9.84118,1.00,1.00
2016.10.27 14:00:42.792,9.83906,9.84118,1.00,1.00
2016.10.27 14:00:42.847,9.83946,9.84133,1.00,1.00
2016.10.27 14:00:43.696,9.83934,9.84128,1.00,1.00
2016.10.27 14:00:44.036,9.83931,9.84128,1.00,1.00
2016.10.27 14:00:44.141,9.83946,9.84128,1.00,1.00
2016.10.27 14:00:44.624,9.83905,9.84132,1.00,1.00
2016.10.27 14:00:45.036,9.83933,9.84131,1.00,1.00
2016.10.27 14:00:45.340,9.83933,9.84121,1.00,1.00
2016.10.27 14:00:49.585,9.83933,9.84126,1.00,1.00
2016.10.27 14:00:51.222,9.83927,9.84125,1.00,1.00
2016.10.27 14:00:52.318,9.83906,9.84117,1.00,1.00
2016.10.27 14:00:53.079,9.83925,9.84123,1.00,1.50
2016.10.27 14:00:58.583,9.83927,9.84124,1.00,1.00
2016.10.27 14:01:03.096,9.83974,9.84159,1.37,1.37
2016.10.27 14:01:03.388,9.83974,9.84172,1.00,1.37
2016.10.27 14:01:03.591,9.83974,9.84157,1.00,1.37
2016.10.27 14:01:04.189,9.83966,9.84158,1.00,1.37
2016.10.27 14:01:11.685,9.83966,9.84157,1.00,1.00
2016.10.27 14:01:15.888,9.83966,9.84164,1.00,1.00
2016.10.27 14:01:16.592,9.83955,9.84153,1.00,1.00
2016.10.27 14:01:16.897,9.83967,9.8416,1.00,1.00
2016.10.27 14:01:17.703,9.83956,9.84154,1.00,1.00
2016.10.27 14:01:17.884,9.83956,9.84149,1.00,1.00
2016.10.27 14:01:19.661,9.83956,9.84154,1.00,1.00
2016.10.27 14:01:20.490,9.83956,9.84146,1.00,1.00
2016.10.27 14:01:21.282,9.83948,9.84146,1.00,1.00
2016.10.27 14:01:23.213,9.83953,9.84146,1.00,1.00
2016.10.27 14:01:23.911,9.83949,9.84147,1.00,1.00
2016.10.27 14:01:24.433,9.83953,9.84164,1.00,1.00
2016.10.27 14:01:24.484,9.83959,9.84164,1.00,1.00
2016.10.27 14:01:25.443,9.83973,9.84171,1.00,1.00
2016.10.27 14:01:28.533,9.83971,9.84169,1.00,1.00
2016.10.27 14:01:36.356,9.83975,9.84173,1.00,1.00
2016.10.27 14:01:38.804,9.83983,9.84181,1.00,1.00
2016.10.27 14:01:39.890,9.83974,9.84172,1.00,1.00
2016.10.27 14:01:40.546,9.83983,9.84172,1.00,1.00
2016.10.27 14:01:40.974,9.84021,9.84172,1.00,1.00
2016.10.27 14:01:41.025,9.84021,9.84193,1.00,1.00
2016.10.27 14:01:41.127,9.84033,9.84193,1.00,1.00
2016.10.27 14:01:41.178,9.84033,9.84229,1.00,1.00
2016.10.27 14:01:41.483,9.84033,9.84219,1.00,1.00
2016.10.27 14:01:42.390,9.8402,9.84169,1.00,1.00
2016.10.27 14:01:42.732,9.83998,9.84169,1.00,1.00
2016.10.27 14:01:44.915,9.84005,9.84169,1.00,1.00
2016.10.27 14:01:44.970,9.84005,9.84191,1.00,1.00
2016.10.27 14:01:45.703,9.84005,9.84169,1.00,1.00
2016.10.27 14:01:46.545,9.8399,9.84169,1.00,1.00
2016.10.27 14:01:52.365,9.84005,9.84169,1.00,1.00
2016.10.27 14:01:52.889,9.8399,9.84169,1.00,1.00
2016.10.27 14:01:55.022,9.8399,9.84188,1.00,1.00
2016.10.27 14:01:55.174,9.84005,9.84188,1.00,1.00
2016.10.27 14:01:55.377,9.8399,9.84188,1.00,1.00
2016.10.27 14:01:55.756,9.8399,9.84165,1.00,1.00
2016.10.27 14:01:55.858,9.8399,9.84188,1.00,1.00
2016.10.27 14:01:56.060,9.8399,9.84165,1.00,1.00
2016.10.27 14:01:58.500,9.83996,9.84165,1.00,1.00
2016.10.27 14:02:00.202,9.83996,9.84188,1.00,1.00
2016.10.27 14:02:00.328,9.83996,9.84165,1.00,1.00
2016.10.27 14:02:00.647,9.83996,9.84188,1.00,1.00
2016.10.27 14:02:03.282,9.84005,9.84188,1.00,1.00
2016.10.27 14:02:06.520,9.84,9.84188,1.00,1.00
2016.10.27 14:02:11.607,9.84,9.84165,1.00,1.00
2016.10.27 14:02:13.880,9.84001,9.84165,1.00,1.00
2016.10.27 14:02:21.432,9.83998,9.84165,1.00,1.00
2016.10.27 14:02:24.340,9.83998,9.84188,1.00,1.00
2016.10.27 14:02:25.110,9.83998,9.84165,1.00,1.00
2016.10.27 14:02:30.246,9.83998,9.84188,1.00,1.00
2016.10.27 14:02:32.681,9.83998,9.84165,1.00,1.00
2016.10.27 14:02:36.375,9.83995,9.84165,1.00,1.00
2016.10.27 14:02:49.620,9.83995,9.84188,1.00,1.00
2016.10.27 14:02:49.823,9.83995,9.84165,1.00,1.00
2016.10.27 14:02:50.026,9.83995,9.84188,1.00,1.00
2016.10.27 14:02:50.330,9.83995,9.84165,1.00,1.00
2016.10.27 14:02:50.482,9.83995,9.84188,1.00,1.00
2016.10.27 14:02:51.380,9.84001,9.84188,1.00,1.00
2016.10.27 14:02:55.538,9.84008,9.84188,1.00,1.00
2016.10.27 14:02:55.589,9.84006,9.84188,1.00,1.00
2016.10.27 14:02:58.620,9.84001,9.84188,1.00,1.00
2016.10.27 14:03:00.236,9.84006,9.84188,1.00,1.00
2016.10.27 14:03:05.731,9.84053,9.84188,1.00,1.00
2016.10.27 14:03:06.085,9.84053,9.8421,1.00,1.00
2016.10.27 14:03:06.136,9.84023,9.8421,1.00,1.00
2016.10.27 14:03:06.239,9.84057,9.8421,1.00,1.00
2016.10.27 14:03:14.289,9.84054,9.8421,1.00,1.00
2016.10.27 14:03:14.340,9.84024,9.8421,1.00,1.00
2016.10.27 14:03:14.442,9.84056,9.8421,1.00,1.00
2016.10.27 14:03:15.351,9.84089,9.8421,1.00,1.00
2016.10.27 14:03:15.503,9.84089,9.84256,1.00,1.00
2016.10.27 14:03:15.858,9.84089,9.84287,1.00,1.00
2016.10.27 14:03:16.433,9.84089,9.84279,1.00,1.00
2016.10.27 14:03:16.738,9.84093,9.84279,1.00,1.00
2016.10.27 14:03:17.042,9.84093,9.84255,1.00,1.00
2016.10.27 14:03:19.633,9.84093,9.84277,1.00,1.00
2016.10.27 14:03:21.520,9.84097,9.84277,1.00,1.00
2016.10.27 14:03:26.577,9.84097,9.84254,1.00,1.00
2016.10.27 14:03:28.890,9.84095,9.84254,1.00,1.00
2016.10.27 14:03:30.049,9.84095,9.84277,1.00,1.00
2016.10.27 14:03:30.153,9.84095,9.84255,1.00,1.00
2016.10.27 14:03:32.132,9.841,9.84255,1.00,1.00
2016.10.27 14:03:32.183,9.84095,9.84255,1.00,1.00
2016.10.27 14:03:32.335,9.84095,9.84276,1.00,1.00
2016.10.27 14:03:33.072,9.84151,9.84339,1.00,1.00
2016.10.27 14:03:33.124,9.84165,9.84339,1.00,1.00
2016.10.27 14:03:33.327,9.84211,9.84409,1.00,1.00
2016.10.27 14:03:33.681,9.84249,9.84447,1.00,1.00
2016.10.27 14:03:34.288,9.84267,9.84465,1.00,1.00
2016.10.27 14:03:34.783,9.84277,9.84475,1.00,1.00
2016.10.27 14:03:35.649,9.84275,9.84519,1.00,1.00
2016.10.27 14:03:35.702,9.84314,9.84512,1.37,1.00
2016.10.27 14:03:35.811,9.84349,9.84547,1.00,1.00
2016.10.27 14:03:35.913,9.84377,9.84575,1.00,1.00
2016.10.27 14:03:36.437,9.84399,9.84597,1.00,1.00
2016.10.27 14:03:36.792,9.8443,9.84626,1.00,1.00
2016.10.27 14:03:36.894,9.8443,9.84628,1.00,1.00
2016.10.27 14:03:37.572,9.84463,9.84661,1.00,1.00
2016.10.27 14:03:41.115,9.84481,9.84679,1.00,1.00
2016.10.27 14:03:41.421,9.84466,9.84634,1.00,1.00
2016.10.27 14:03:41.841,9.84471,9.84634,1.00,1.00
2016.10.27 14:03:41.892,9.84471,9.84663,1.00,1.00
2016.10.27 14:03:41.943,9.84471,9.84656,1.00,1.00
2016.10.27 14:03:42.485,9.84476,9.84656,1.00,1.00
2016.10.27 14:03:42.638,9.84476,9.84663,1.00,1.00
2016.10.27 14:03:42.892,9.84476,9.84659,1.00,1.00
2016.10.27 14:03:43.698,9.84472,9.84659,1.00,1.00
2016.10.27 14:03:46.430,9.84472,9.8467,1.00,1.00
2016.10.27 14:03:46.481,9.84475,9.84673,1.00,1.00
2016.10.27 14:03:46.941,9.84475,9.84658,1.00,1.00
2016.10.27 14:03:49.683,9.84475,9.84673,1.00,1.00
2016.10.27 14:03:49.938,9.84482,9.8468,1.00,1.50
2016.10.27 14:03:50.966,9.84487,9.8468,1.00,1.00
2016.10.27 14:03:53.055,9.84503,9.8468,1.00,1.00
2016.10.27 14:03:53.460,9.84517,9.8468,1.00,1.00
2016.10.27 14:03:53.934,9.84535,9.8468,1.00,1.00
2016.10.27 14:03:53.988,9.84535,9.84733,1.00,1.00
2016.10.27 14:03:54.039,9.84556,9.84752,1.00,1.00
2016.10.27 14:03:54.140,9.84556,9.84754,1.00,1.00
2016.10.27 14:03:54.444,9.8457,9.84768,1.00,1.00
2016.10.27 14:03:56.271,9.84629,9.84773,1.00,1.00
2016.10.27 14:03:56.424,9.84629,9.84827,1.00,1.00
2016.10.27 14:03:56.475,9.84649,9.84847,1.00,1.50
2016.10.27 14:03:58.129,9.8465,9.84848,1.00,1.00
2016.10.27 14:03:58.460,9.8465,9.84841,1.00,1.00
2016.10.27 14:03:59.101,9.84641,9.84841,1.00,1.50
2016.10.27 14:03:59.741,9.84654,9.84841,1.00,1.00
2016.10.27 14:04:01.025,9.84641,9.84827,1.00,1.00
2016.10.27 14:04:01.380,9.84641,9.84832,1.00,1.00
2016.10.27 14:04:02.190,9.84656,9.84832,1.00,1.00
2016.10.27 14:04:02.393,9.84656,9.84839,1.00,1.00
2016.10.27 14:04:02.826,9.84673,9.84871,1.00,1.00
2016.10.27 14:04:03.284,9.84683,9.84881,1.00,1.50
2016.10.27 14:04:06.564,9.84701,9.84881,1.00,1.00
2016.10.27 14:04:06.615,9.84701,9.84889,1.00,1.00
2016.10.27 14:04:06.666,9.84717,9.84905,1.00,1.00
2016.10.27 14:04:06.767,9.84717,9.84915,1.00,1.00
2016.10.27 14:04:06.869,9.84762,9.84938,1.00,1.00
2016.10.27 14:04:06.970,9.84762,9.84958,1.00,1.00
2016.10.27 14:04:07.021,9.84786,9.84958,1.00,1.00
2016.10.27 14:04:07.072,9.84786,9.84992,1.00,1.00
2016.10.27 14:04:07.123,9.84813,9.84992,1.00,1.00
2016.10.27 14:04:07.174,9.84813,9.85006,1.00,1.00
2016.10.27 14:04:07.225,9.84834,9.85006,1.00,1.00
2016.10.27 14:04:07.276,9.84856,9.85048,1.00,1.00
2016.10.27 14:04:07.699,9.84856,9.85046,1.00,1.00
2016.10.27 14:04:07.800,9.84823,9.85031,1.11,1.00
2016.10.27 14:04:07.851,9.84823,9.85031,1.00,1.00
2016.10.27 14:04:07.953,9.84842,9.85031,1.00,1.00
2016.10.27 14:04:08.004,9.84865,9.85063,1.00,1.00
2016.10.27 14:04:09.271,9.84876,9.85071,1.00,1.00
2016.10.27 14:04:09.782,9.84895,9.85071,1.00,1.00
2016.10.27 14:04:09.885,9.84906,9.85086,1.00,1.00
2016.10.27 14:04:10.278,9.84906,9.85104,1.00,1.00
2016.10.27 14:04:12.188,9.84917,9.8511,1.00,1.00
2016.10.27 14:04:12.672,9.84929,9.85127,1.00,1.00
2016.10.27 14:04:13.793,9.84925,9.85125,1.00,1.00
2016.10.27 14:04:15.369,9.84959,9.85157,1.00,1.00
2016.10.27 14:04:15.880,9.8497,9.85164,1.00,1.00
2016.10.27 14:04:16.536,9.8497,9.85168,1.00,1.00
2016.10.27 14:04:21.226,9.84982,9.8518,1.00,1.00
2016.10.27 14:04:21.769,9.84971,9.85169,1.00,1.00
2016.10.27 14:04:23.959,9.84972,9.85169,1.00,1.00
2016.10.27 14:04:24.466,9.84971,9.85169,1.00,1.00
2016.10.27 14:04:27.451,9.84971,9.85167,1.00,1.00
2016.10.27 14:04:28.863,9.84968,9.85166,1.00,1.00
2016.10.27 14:04:31.622,9.8499,9.85167,1.00,1.00
2016.10.27 14:04:31.774,9.8499,9.85179,1.00,1.00
2016.10.27 14:04:31.878,9.8499,9.85188,1.00,1.00
2016.10.27 14:04:32.242,9.8499,9.85186,1.00,1.00
2016.10.27 14:04:32.548,9.8499,9.85179,1.00,1.00
2016.10.27 14:04:32.650,9.84979,9.85177,1.00,1.00
2016.10.27 14:04:32.854,9.84969,9.85159,1.00,1.00
2016.10.27 14:04:32.956,9.84963,9.85159,1.00,1.00
2016.10.27 14:04:33.331,9.84961,9.85159,1.00,1.50
2016.10.27 14:04:35.074,9.8496,9.85141,1.00,1.00
2016.10.27 14:04:35.277,9.8494,9.85127,1.00,1.00
2016.10.27 14:04:35.733,9.8494,9.85124,1.00,1.00
2016.10.27 14:04:36.062,9.84943,9.85141,1.00,1.00
2016.10.27 14:04:36.789,9.8494,9.85128,1.00,1.00
2016.10.27 14:04:37.162,9.84954,9.85148,1.00,1.00
2016.10.27 14:04:37.213,9.84954,9.85152,1.00,1.00
2016.10.27 14:04:37.366,9.8496,9.85152,1.00,1.00
2016.10.27 14:04:37.568,9.84966,9.85164,1.00,1.00
2016.10.27 14:04:37.670,9.84966,9.8516,1.00,1.00
2016.10.27 14:04:38.488,9.84966,9.85164,1.00,1.00
2016.10.27 14:04:38.792,9.84966,9.85162,1.00,1.00
2016.10.27 14:04:38.894,9.84966,9.85164,1.00,1.00
2016.10.27 14:04:39.310,9.84966,9.8516,1.00,1.00
2016.10.27 14:04:39.414,9.84966,9.85164,1.00,1.00
2016.10.27 14:04:40.703,9.84966,9.85162,1.00,1.00
2016.10.27 14:04:41.929,9.84966,9.85164,1.00,1.00
2016.10.27 14:04:42.428,9.84966,9.85161,1.00,1.00
2016.10.27 14:04:43.435,9.84966,9.85164,1.00,1.00
2016.10.27 14:04:44.078,9.84972,9.85162,1.00,1.00
2016.10.27 14:04:44.180,9.84961,9.85159,1.00,1.00
2016.10.27 14:04:45.342,9.84967,9.85159,1.00,1.00
2016.10.27 14:04:45.400,9.84961,9.85159,1.00,1.00
2016.10.27 14:04:46.733,9.84965,9.85159,1.00,1.00
2016.10.27 14:04:46.936,9.84961,9.85159,1.00,1.00
2016.10.27 14:04:47.485,9.84957,9.85155,1.00,1.00
2016.10.27 14:04:48.147,9.84963,9.85155,1.00,1.00
2016.10.27 14:04:48.401,9.84957,9.85155,1.00,1.00
2016.10.27 14:04:48.704,9.85019,9.85155,1.00,1.00
2016.10.27 14:04:49.071,9.85047,9.8518,1.00,1.00
2016.10.27 14:04:49.124,9.85035,9.8518,1.00,1.00
2016.10.27 14:04:49.348,9.85045,9.8518,1.00,1.00
2016.10.27 14:04:51.710,9.85045,9.85176,1.00,1.00
2016.10.27 14:04:51.812,9.85045,9.85188,1.00,1.00
2016.10.27 14:04:52.772,9.85045,9.85191,1.00,1.00
2016.10.27 14:04:53.633,9.85125,9.85251,1.00,1.00
2016.10.27 14:04:53.684,9.85125,9.8529,1.00,1.00
2016.10.27 14:04:53.735,9.85134,9.8529,1.00,1.00
2016.10.27 14:04:53.989,9.85162,9.85331,1.00,1.00
2016.10.27 14:04:54.040,9.85175,9.85331,1.00,1.00
2016.10.27 14:04:54.620,9.85196,9.85331,1.00,1.00
2016.10.27 14:04:54.671,9.85204,9.85354,1.00,1.00
2016.10.27 14:04:54.723,9.85212,9.85354,1.00,1.00
2016.10.27 14:04:54.977,9.85212,9.85365,1.00,1.00
2016.10.27 14:04:55.129,9.85202,9.85365,1.00,1.00
2016.10.27 14:04:58.920,9.85202,9.85357,1.00,1.00
2016.10.27 14:05:00.711,9.8518,9.85343,1.00,1.00
2016.10.27 14:05:00.818,9.8518,9.85355,1.50,1.00
2016.10.27 14:05:00.869,9.85199,9.85355,1.00,1.00
2016.10.27 14:05:02.126,9.85174,9.85342,1.00,1.00
2016.10.27 14:05:02.253,9.85166,9.85342,1.00,1.00
2016.10.27 14:05:02.559,9.85178,9.85342,1.00,1.00
2016.10.27 14:05:05.275,9.85161,9.85342,1.00,1.00
2016.10.27 14:05:05.353,9.85148,9.85342,1.00,1.00
2016.10.27 14:05:06.214,9.85156,9.85342,1.00,1.00
2016.10.27 14:05:06.265,9.85148,9.85342,1.00,1.00
2016.10.27 14:05:06.569,9.85156,9.85342,1.00,1.00
2016.10.27 14:05:06.704,9.85156,9.85344,1.00,1.00
2016.10.27 14:05:09.844,9.85149,9.85332,1.00,1.00
2016.10.27 14:05:10.250,9.85141,9.85332,1.00,1.00
2016.10.27 14:05:10.796,9.85141,9.85331,1.00,1.00
2016.10.27 14:05:13.917,9.85141,9.85329,1.00,1.00
2016.10.27 14:05:18.297,9.85149,9.85329,1.00,1.00
2016.10.27 14:05:18.601,9.85139,9.85329,1.00,1.00
2016.10.27 14:05:19.215,9.85148,9.85329,1.00,1.00
2016.10.27 14:05:20.699,9.85138,9.85329,1.00,1.00
2016.10.27 14:05:21.985,9.85122,9.85307,1.00,1.00
2016.10.27 14:05:25.620,9.85127,9.85307,1.00,1.00
2016.10.27 14:05:25.726,9.85118,9.85307,1.00,1.00
2016.10.27 14:05:26.425,9.85127,9.85307,1.00,1.00
2016.10.27 14:05:26.835,9.85118,9.85307,1.00,1.00
2016.10.27 14:05:27.894,9.85127,9.85307,1.00,1.00
2016.10.27 14:05:28.341,9.8511,9.85307,1.00,1.00
2016.10.27 14:05:28.433,9.8511,9.85297,1.00,1.00
2016.10.27 14:05:29.142,9.85119,9.85297,1.00,1.00
2016.10.27 14:05:29.500,9.85119,9.85299,1.00,1.00
2016.10.27 14:05:29.551,9.8511,9.85299,1.00,1.00
2016.10.27 14:05:30.129,9.85118,9.85299,1.00,1.00
2016.10.27 14:05:31.622,9.8511,9.85299,1.00,1.00
2016.10.27 14:05:31.674,9.8511,9.85277,1.00,1.00
2016.10.27 14:05:31.725,9.85101,9.85277,1.00,1.00
2016.10.27 14:05:32.545,9.85092,9.85277,1.00,1.00
2016.10.27 14:05:33.076,9.85092,9.85278,1.00,1.00
2016.10.27 14:05:33.762,9.85084,9.85278,1.00,1.00
2016.10.27 14:05:36.962,9.85084,9.85271,1.00,1.00
2016.10.27 14:05:37.644,9.85074,9.85271,1.00,1.00
2016.10.27 14:05:38.063,9.85074,9.85268,1.00,1.00
2016.10.27 14:05:38.732,9.85068,9.85268,1.00,1.00
2016.10.27 14:05:39.276,9.85098,9.85268,1.00,1.00
2016.10.27 14:05:39.327,9.85098,9.85278,1.00,1.00
2016.10.27 14:05:39.530,9.85098,9.85268,1.00,1.00
2016.10.27 14:05:39.581,9.85089,9.85268,1.00,1.00
2016.10.27 14:05:39.839,9.85097,9.85281,1.00,1.00
2016.10.27 14:05:40.493,9.85097,9.85268,1.00,1.00
2016.10.27 14:05:44.000,9.85097,9.85271,1.00,1.00
2016.10.27 14:05:51.854,9.85097,9.8527,1.00,1.00
2016.10.27 14:05:52.424,9.85097,9.85287,1.00,1.00
2016.10.27 14:05:52.525,9.85099,9.85287,2.10,1.00
2016.10.27 14:05:52.678,9.85208,9.85384,1.00,1.50
2016.10.27 14:05:52.729,9.85208,9.85409,1.00,1.00
2016.10.27 14:05:52.830,9.85208,9.85365,1.00,1.00
2016.10.27 14:05:52.881,9.85191,9.85365,1.00,1.00
2016.10.27 14:05:53.083,9.85167,9.85365,1.00,1.00
2016.10.27 14:05:53.134,9.85165,9.85325,1.00,1.00
2016.10.27 14:05:53.185,9.85155,9.85325,1.00,1.00
2016.10.27 14:05:53.927,9.85155,9.85345,1.00,1.00
2016.10.27 14:05:54.213,9.85164,9.85345,1.00,1.00
2016.10.27 14:05:55.003,9.85156,9.85345,1.00,1.00
2016.10.27 14:05:55.308,9.85164,9.85345,1.00,1.00
2016.10.27 14:05:59.050,9.85164,9.85342,1.00,1.00
2016.10.27 14:06:01.735,9.85155,9.85342,1.00,1.00
2016.10.27 14:06:01.837,9.85155,9.85342,1.00,1.17
2016.10.27 14:06:02.142,9.85056,9.85215,1.00,1.00
2016.10.27 14:06:02.586,9.85066,9.85215,1.00,1.00
2016.10.27 14:06:02.840,9.85068,9.85274,1.00,1.35
2016.10.27 14:06:05.963,9.85076,9.8528,1.00,1.00
2016.10.27 14:06:06.848,9.85076,9.85278,1.00,1.00
2016.10.27 14:06:07.708,9.85077,9.85278,1.00,1.00
2016.10.27 14:06:11.424,9.85077,9.85235,1.00,1.00
2016.10.27 14:06:11.577,9.85005,9.85187,1.00,1.00
2016.10.27 14:06:11.949,9.84987,9.85187,1.50,1.00
2016.10.27 14:06:12.000,9.8504,9.85227,1.00,1.00
2016.10.27 14:06:12.101,9.8504,9.85235,1.50,1.00
2016.10.27 14:06:12.203,9.85051,9.85259,1.00,1.00
2016.10.27 14:06:12.355,9.85042,9.85252,1.00,1.00
2016.10.27 14:06:12.608,9.85059,9.85252,1.00,1.00
2016.10.27 14:06:12.862,9.85008,9.85216,1.12,1.75
2016.10.27 14:06:13.202,9.84997,9.85165,1.37,1.00
2016.10.27 14:06:13.289,9.85037,9.8522,1.00,1.00
2016.10.27 14:06:13.391,9.85037,9.85229,1.00,1.00
2016.10.27 14:06:13.492,9.8504,9.85238,1.00,1.00
2016.10.27 14:06:13.695,9.85037,9.85238,1.00,1.00
2016.10.27 14:06:13.847,9.8504,9.85238,1.00,1.00
2016.10.27 14:06:14.205,9.85054,9.85238,1.00,1.00
2016.10.27 14:06:14.913,9.85051,9.85238,1.00,1.00
2016.10.27 14:06:15.825,9.85051,9.85252,1.00,1.00
2016.10.27 14:06:17.979,9.8507,9.8526,1.00,1.00
2016.10.27 14:06:18.131,9.8507,9.85268,1.00,1.00
2016.10.27 14:06:22.036,9.85071,9.85269,1.00,1.00
2016.10.27 14:06:22.620,9.85071,9.85262,1.00,1.00
2016.10.27 14:06:23.614,9.85071,9.85269,1.00,1.50
2016.10.27 14:06:24.302,9.85071,9.85262,1.00,1.00
2016.10.27 14:06:24.368,9.85071,9.85269,1.00,1.00
2016.10.27 14:06:29.461,9.85077,9.85275,1.00,1.00
2016.10.27 14:06:32.829,9.85071,9.85263,1.00,1.00
2016.10.27 14:06:32.880,9.85065,9.85263,1.00,1.00
2016.10.27 14:06:34.963,9.85072,9.85263,1.00,1.00
2016.10.27 14:06:35.166,9.85065,9.85263,1.00,1.00
2016.10.27 14:06:35.470,9.85071,9.85263,1.00,1.00
2016.10.27 14:06:35.571,9.85065,9.85263,1.00,1.00
2016.10.27 14:06:36.346,9.85072,9.85263,1.00,1.00
2016.10.27 14:06:36.548,9.85063,9.85257,1.00,1.00
2016.10.27 14:06:43.064,9.85075,9.85267,1.00,1.00
2016.10.27 14:06:44.143,9.85075,9.85266,1.00,1.00
2016.10.27 14:06:45.112,9.85068,9.85266,1.00,1.00
2016.10.27 14:06:49.253,9.8506,9.85254,1.00,1.00
2016.10.27 14:06:49.356,9.85069,9.85266,1.00,1.00
2016.10.27 14:06:49.407,9.85068,9.85256,1.00,1.00
2016.10.27 14:06:49.711,9.85068,9.85238,1.00,1.00
2016.10.27 14:06:50.236,9.85056,9.85238,1.00,1.00
2016.10.27 14:06:50.691,9.85056,9.85229,1.00,1.00
2016.10.27 14:06:50.742,9.85048,9.85229,1.00,1.00
2016.10.27 14:06:50.794,9.85048,9.85217,1.00,1.00
2016.10.27 14:06:52.304,9.85037,9.85217,1.00,1.00
2016.10.27 14:06:55.072,9.85032,9.85217,1.00,1.00
2016.10.27 14:06:59.433,9.85034,9.85217,1.00,1.00
2016.10.27 14:07:02.278,9.85034,9.85226,1.00,1.00
2016.10.27 14:07:03.333,9.85034,9.85213,1.00,1.00
2016.10.27 14:07:03.673,9.8512,9.85312,1.60,1.75
2016.10.27 14:07:04.103,9.8517,9.85359,1.00,1.00
2016.10.27 14:07:04.204,9.85191,9.85378,1.00,1.00
2016.10.27 14:07:04.255,9.85191,9.85389,1.00,1.50
2016.10.27 14:07:04.610,9.85191,9.85369,1.00,1.00
2016.10.27 14:07:04.661,9.85161,9.85349,1.00,1.00
2016.10.27 14:07:04.712,9.85151,9.85349,1.50,1.00
2016.10.27 14:07:04.763,9.85151,9.85332,1.00,1.00
2016.10.27 14:07:04.814,9.85135,9.85332,1.00,1.00
2016.10.27 14:07:05.152,9.85134,9.85327,1.00,1.00
2016.10.27 14:07:05.620,9.85134,9.8533,1.00,1.00
2016.10.27 14:07:05.671,9.85136,9.8533,1.00,1.00
2016.10.27 14:07:05.976,9.85136,9.85321,1.00,1.00
2016.10.27 14:07:09.127,9.85172,9.85321,1.00,1.00
2016.10.27 14:07:09.229,9.85159,9.85321,1.00,1.00
2016.10.27 14:07:09.482,9.85147,9.85321,1.00,1.00
2016.10.27 14:07:13.369,9.85157,9.85321,1.00,1.00
2016.10.27 14:07:13.521,9.85203,9.85372,1.00,1.00
2016.10.27 14:07:13.572,9.85213,9.85372,1.00,1.00
2016.10.27 14:07:13.877,9.85231,9.85372,1.00,1.00
2016.10.27 14:07:14.417,9.8524,9.85372,1.00,1.00
2016.10.27 14:07:14.472,9.85222,9.85372,1.00,1.00
2016.10.27 14:07:14.523,9.85222,9.85362,1.00,1.00
2016.10.27 14:07:14.574,9.85212,9.85362,1.00,1.00
2016.10.27 14:07:15.688,9.85204,9.85362,1.00,1.00
2016.10.27 14:07:18.726,9.85213,9.85362,1.00,1.00
2016.10.27 14:07:21.985,9.85213,9.85365,1.00,1.00
2016.10.27 14:07:25.387,9.85211,9.85365,1.00,1.00
2016.10.27 14:07:34.447,9.85211,9.85326,1.00,1.00
2016.10.27 14:07:34.498,9.85191,9.85326,1.00,1.00
2016.10.27 14:07:34.600,9.85174,9.85326,1.00,1.00
2016.10.27 14:07:35.427,9.85174,9.85345,1.00,1.00
2016.10.27 14:07:38.016,9.85174,9.85325,1.00,1.00
2016.10.27 14:07:38.069,9.85174,9.85367,1.00,1.00
2016.10.27 14:07:38.120,9.85184,9.85367,1.00,1.00
2016.10.27 14:07:38.171,9.85184,9.85373,1.00,1.00
2016.10.27 14:07:38.222,9.85204,9.85373,1.00,1.00
2016.10.27 14:07:38.600,9.85212,9.85373,1.00,1.00
2016.10.27 14:07:39.467,9.85191,9.85329,1.00,1.00
2016.10.27 14:07:39.835,9.85182,9.85329,1.00,1.00
2016.10.27 14:07:39.886,9.85182,9.85352,1.00,1.00
2016.10.27 14:07:40.042,9.85174,9.85352,1.00,1.00
2016.10.27 14:07:40.246,9.85182,9.85352,1.00,1.00
2016.10.27 14:07:40.682,9.85182,9.85348,1.00,1.00
2016.10.27 14:07:40.835,9.85173,9.85348,1.00,1.00
2016.10.27 14:07:40.936,9.85152,9.85348,1.00,1.00
2016.10.27 14:07:40.987,9.8515,9.85327,1.00,1.00
2016.10.27 14:07:42.960,9.8514,9.85327,1.00,1.00
2016.10.27 14:07:43.011,9.8514,9.85315,1.00,1.00
2016.10.27 14:07:43.468,9.85158,9.85315,1.00,1.00
2016.10.27 14:07:43.523,9.85144,9.85333,1.00,1.00
2016.10.27 14:07:43.625,9.8514,9.85333,1.00,1.00
2016.10.27 14:07:44.110,9.8514,9.85314,1.00,1.00
2016.10.27 14:07:44.706,9.85126,9.85312,1.00,1.00
2016.10.27 14:07:44.812,9.85121,9.85312,1.00,1.00
2016.10.27 14:07:45.450,9.85133,9.85312,1.00,1.00
2016.10.27 14:07:45.501,9.85133,9.85317,1.00,1.00
2016.10.27 14:07:45.704,9.85133,9.85323,1.00,1.00
2016.10.27 14:07:46.290,9.85133,9.85315,1.00,1.00
2016.10.27 14:07:46.535,9.85133,9.85323,1.00,1.00
2016.10.27 14:07:47.093,9.85133,9.85322,1.00,1.00
2016.10.27 14:07:47.976,9.85161,9.85322,1.00,1.00
2016.10.27 14:07:49.361,9.85161,9.85313,1.00,1.00
2016.10.27 14:07:49.665,9.85161,9.85286,1.00,1.00
2016.10.27 14:07:51.704,9.85161,9.85278,1.00,1.00
2016.10.27 14:07:52.007,9.85161,9.8527,1.00,1.00
2016.10.27 14:07:55.074,9.85083,9.8527,1.00,1.00
2016.10.27 14:07:56.246,9.85095,9.8527,1.00,1.00
2016.10.27 14:07:56.347,9.85083,9.8527,1.00,1.00
2016.10.27 14:07:56.601,9.85094,9.8527,1.00,1.00
2016.10.27 14:07:56.963,9.85083,9.8527,1.00,1.00
2016.10.27 14:07:57.221,9.85094,9.8527,1.00,1.00
2016.10.27 14:07:58.076,9.85095,9.8527,1.00,1.00
2016.10.27 14:08:02.717,9.85095,9.85281,1.00,1.00
2016.10.27 14:08:03.465,9.85095,9.85273,1.00,1.00
2016.10.27 14:08:03.516,9.85095,9.85283,1.00,1.00
2016.10.27 14:08:03.618,9.85095,9.85272,1.00,1.00
2016.10.27 14:08:04.777,9.85095,9.85281,1.00,1.00
2016.10.27 14:08:04.833,9.85095,9.85291,1.00,1.00
2016.10.27 14:08:04.885,9.85118,9.85291,1.00,1.00
2016.10.27 14:08:05.141,9.85096,9.85284,1.00,1.00
2016.10.27 14:08:05.611,9.85096,9.85284,1.60,1.00
2016.10.27 14:08:05.662,9.85187,9.85354,1.00,1.00
2016.10.27 14:08:05.714,9.85151,9.85347,1.00,1.00
2016.10.27 14:08:05.766,9.85151,9.85347,1.00,1.60
2016.10.27 14:08:05.817,9.85142,9.85346,1.00,1.60
2016.10.27 14:08:05.868,9.85142,9.85344,1.00,1.60
2016.10.27 14:08:06.460,9.85142,9.8531,1.00,1.00
2016.10.27 14:08:06.767,9.85142,9.85299,1.00,1.00
2016.10.27 14:08:07.453,9.85119,9.85299,1.00,1.00
2016.10.27 14:08:07.661,9.85142,9.85299,1.00,1.00
2016.10.27 14:08:07.750,9.85142,9.85302,1.00,1.00
2016.10.27 14:08:07.903,9.85119,9.85302,1.00,1.00
2016.10.27 14:08:08.529,9.85142,9.85302,1.00,1.00
2016.10.27 14:08:08.833,9.85142,9.85297,1.00,1.00
2016.10.27 14:08:09.275,9.85142,9.85308,1.00,1.00
2016.10.27 14:08:13.344,9.85119,9.85308,1.00,1.00
2016.10.27 14:08:14.254,9.85119,9.853,1.00,1.00
2016.10.27 14:08:14.355,9.85119,9.85311,1.00,1.00
2016.10.27 14:08:14.457,9.85119,9.85294,1.00,1.00
2016.10.27 14:08:14.796,9.85154,9.85314,1.00,1.00
2016.10.27 14:08:14.855,9.85154,9.8535,1.00,1.60
2016.10.27 14:08:14.957,9.85154,9.85337,1.00,1.00
2016.10.27 14:08:15.280,9.85141,9.8531,1.00,1.00
2016.10.27 14:08:16.188,9.85119,9.853,1.00,1.00
2016.10.27 14:08:21.857,9.85119,9.85283,1.00,1.00
2016.10.27 14:08:22.062,9.85119,9.85286,1.00,1.00
2016.10.27 14:08:22.792,9.85119,9.85295,1.00,1.60
2016.10.27 14:08:23.337,9.85119,9.85295,1.00,1.00
2016.10.27 14:08:23.864,9.85119,9.85303,1.00,1.00
2016.10.27 14:08:24.737,9.85099,9.85289,1.00,1.00
2016.10.27 14:08:25.198,9.85088,9.85289,1.00,1.00
2016.10.27 14:08:26.122,9.85088,9.85274,1.00,1.00
2016.10.27 14:08:27.928,9.8507,9.85274,1.00,1.00
2016.10.27 14:08:29.334,9.85066,9.85252,1.00,1.00
2016.10.27 14:08:29.385,9.85057,9.85252,1.00,1.00
2016.10.27 14:08:29.487,9.85054,9.85252,1.00,1.00
2016.10.27 14:08:29.589,9.85054,9.85249,1.00,1.00
2016.10.27 14:08:29.894,9.85054,9.8524,1.00,1.00
2016.10.27 14:08:30.324,9.85043,9.8524,1.00,1.00
2016.10.27 14:08:30.476,9.85043,9.85232,1.00,1.00
2016.10.27 14:08:30.578,9.85043,9.8524,1.00,1.00
2016.10.27 14:08:30.629,9.85032,9.8523,1.50,1.00
2016.10.27 14:08:34.614,9.85024,9.85218,1.00,1.00
2016.10.27 14:08:34.666,9.8502,9.85218,1.00,1.00
2016.10.27 14:08:34.718,9.85024,9.85218,1.00,1.00
2016.10.27 14:08:37.558,9.85024,9.85216,1.00,1.00
2016.10.27 14:08:38.420,9.85032,9.85216,1.00,1.00
2016.10.27 14:08:38.919,9.85024,9.85216,1.00,1.00
2016.10.27 14:08:39.974,9.85033,9.85216,1.00,1.00
2016.10.27 14:08:43.897,9.85022,9.85216,1.00,1.00
2016.10.27 14:08:44.353,9.85032,9.85216,1.00,1.00
2016.10.27 14:08:44.607,9.8503,9.85216,1.00,1.00
2016.10.27 14:08:45.137,9.85022,9.85216,1.00,1.00
2016.10.27 14:08:45.340,9.85019,9.85216,1.00,1.00
2016.10.27 14:08:45.751,9.85028,9.85216,1.00,1.00
2016.10.27 14:08:46.255,9.85019,9.85216,1.00,1.00
2016.10.27 14:08:46.660,9.85026,9.85216,1.00,1.00
2016.10.27 14:08:47.821,9.85018,9.85216,1.50,1.00
2016.10.27 14:08:48.662,9.85026,9.85216,1.00,1.00
2016.10.27 14:08:49.268,9.85026,9.85234,1.00,1.00
2016.10.27 14:08:49.370,9.85045,9.85243,1.00,1.00
2016.10.27 14:08:49.422,9.85049,9.85257,1.00,1.00
2016.10.27 14:08:49.727,9.85045,9.85247,1.00,1.00
2016.10.27 14:08:52.191,9.85049,9.85247,1.00,1.00
2016.10.27 14:08:53.976,9.85058,9.85261,1.00,1.00
2016.10.27 14:08:54.077,9.85049,9.85247,1.00,1.00
2016.10.27 14:08:54.591,9.85021,9.85219,1.00,1.00
2016.10.27 14:08:55.383,9.85026,9.85209,1.00,1.00
2016.10.27 14:08:55.586,9.85018,9.85209,1.00,1.00
2016.10.27 14:08:55.977,9.85027,9.85226,1.00,1.00
2016.10.27 14:08:57.024,9.85038,9.85226,1.00,1.00
2016.10.27 14:08:57.328,9.85048,9.85226,1.00,1.00
2016.10.27 14:08:57.582,9.85037,9.85226,1.00,1.00
2016.10.27 14:08:58.491,9.8502,9.85226,1.00,1.00
2016.10.27 14:08:58.543,9.8502,9.8521,1.00,1.00
2016.10.27 14:08:58.594,9.85032,9.8524,1.00,1.00
2016.10.27 14:08:58.696,9.85043,9.85243,1.00,1.00
2016.10.27 14:08:58.950,9.85033,9.85241,1.00,1.00
2016.10.27 14:09:00.760,9.8504,9.85243,1.00,1.00
2016.10.27 14:09:06.831,9.8504,9.85249,1.00,1.00
2016.10.27 14:09:07.237,9.8504,9.85235,1.00,1.00
2016.10.27 14:09:14.474,9.8504,9.85243,1.00,1.00
2016.10.27 14:09:15.759,9.85062,9.85243,1.00,1.00
2016.10.27 14:09:15.829,9.85062,9.85256,1.00,1.00
2016.10.27 14:09:16.438,9.85058,9.85256,1.00,1.00
2016.10.27 14:09:17.130,9.85065,9.85251,1.00,1.00
2016.10.27 14:09:17.755,9.85065,9.85239,1.00,1.00
2016.10.27 14:09:17.806,9.85055,9.85239,1.00,1.00
2016.10.27 14:09:18.135,9.85055,9.8525,1.00,1.00
2016.10.27 14:09:18.337,9.85055,9.85243,1.00,1.00
2016.10.27 14:09:18.439,9.85045,9.85243,1.00,1.00
2016.10.27 14:09:19.305,9.85032,9.85235,1.00,1.00
2016.10.27 14:09:21.952,9.85035,9.85243,1.00,1.50
2016.10.27 14:09:22.258,9.85027,9.85235,1.00,1.00
2016.10.27 14:09:23.335,9.8503,9.85228,1.00,1.00
2016.10.27 14:09:24.842,9.85027,9.85221,1.00,1.00
2016.10.27 14:09:25.381,9.84965,9.85156,1.00,1.00
2016.10.27 14:09:25.465,9.84959,9.85157,1.00,1.00
2016.10.27 14:09:25.816,9.84959,9.85157,1.00,1.60
2016.10.27 14:09:25.969,9.84956,9.85146,1.00,1.60
2016.10.27 14:09:26.170,9.84948,9.85146,1.00,1.60
2016.10.27 14:09:29.929,9.84947,9.8514,1.00,1.00
2016.10.27 14:09:33.161,9.84947,9.85134,1.00,1.00
2016.10.27 14:09:33.212,9.84938,9.85134,1.00,1.00
2016.10.27 14:09:33.265,9.84938,9.85119,1.00,1.00
2016.10.27 14:09:33.648,9.84921,9.85119,1.00,1.00
2016.10.27 14:09:36.545,9.84944,9.85119,1.00,1.00
2016.10.27 14:09:37.278,9.84944,9.85124,1.00,1.00
2016.10.27 14:09:39.556,9.84926,9.85124,1.00,1.50
2016.10.27 14:09:44.042,9.84943,9.85124,1.00,1.50
2016.10.27 14:09:44.144,9.84943,9.85132,1.00,1.50
2016.10.27 14:09:44.518,9.84939,9.85132,1.00,1.00
2016.10.27 14:09:44.670,9.84944,9.85132,1.00,1.00
2016.10.27 14:09:45.112,9.84944,9.85135,1.00,1.00
2016.10.27 14:09:47.616,9.84939,9.85135,1.00,1.00
2016.10.27 14:09:47.667,9.84947,9.85135,1.00,1.00
2016.10.27 14:09:47.998,9.84939,9.85135,1.00,1.00
2016.10.27 14:09:48.050,9.84969,9.85147,1.00,1.00
2016.10.27 14:09:55.739,9.84946,9.85147,1.00,1.00
2016.10.27 14:09:55.790,9.84962,9.85155,1.00,1.00
2016.10.27 14:09:56.150,9.84947,9.85131,1.00,1.00
2016.10.27 14:09:56.201,9.84939,9.85131,1.00,1.00
2016.10.27 14:09:56.645,9.84939,9.85145,1.00,1.00
2016.10.27 14:09:57.362,9.84962,9.85145,1.00,1.00
2016.10.27 14:09:57.763,9.84962,9.85141,1.00,2.10
2016.10.27 14:09:57.915,9.84919,9.85107,1.00,1.60
2016.10.27 14:09:58.248,9.84929,9.85121,1.00,2.10
2016.10.27 14:09:58.302,9.84945,9.85127,1.00,1.00
2016.10.27 14:09:58.404,9.84953,9.85161,1.00,1.00
2016.10.27 14:09:58.505,9.84962,9.85167,1.50,1.00
2016.10.27 14:09:58.809,9.84962,9.85167,1.50,1.60
2016.10.27 14:09:59.342,9.84965,9.85163,1.00,1.60
2016.10.27 14:09:59.443,9.84962,9.85168,1.50,1.60
2016.10.27 14:10:00.844,9.84962,9.85167,1.50,1.60
2016.10.27 14:10:02.633,9.84965,9.85163,1.00,1.60
2016.10.27 14:10:03.136,9.84962,9.85165,1.50,1.60
2016.10.27 14:10:03.673,9.84962,9.85165,1.50,1.60
2016.10.27 14:10:03.724,9.84962,9.85166,1.50,1.60
2016.10.27 14:10:03.775,9.84962,9.85166,1.50,1.00
2016.10.27 14:10:03.826,9.84973,9.85166,1.00,1.00
2016.10.27 14:10:04.734,9.84973,9.85165,1.00,1.00
2016.10.27 14:10:07.324,9.84973,9.85163,1.00,1.00
2016.10.27 14:10:10.781,9.84973,9.85133,1.00,2.10
2016.10.27 14:10:11.359,9.84946,9.8511,1.00,2.10
2016.10.27 14:10:11.413,9.84954,9.85159,1.00,1.60
2016.10.27 14:10:11.465,9.84967,9.85159,1.00,1.60
2016.10.27 14:10:11.846,9.84967,9.8516,1.00,1.60
2016.10.27 14:10:12.048,9.84967,9.8516,1.00,1.60
2016.10.27 14:10:12.972,9.84967,9.8516,1.00,1.60
2016.10.27 14:10:13.092,9.84967,9.85159,1.00,1.60
2016.10.27 14:10:14.375,9.84967,9.85159,1.00,1.60
2016.10.27 14:10:22.275,9.84967,9.85145,1.00,1.00
2016.10.27 14:10:25.959,9.84973,9.85145,1.00,1.00
2016.10.27 14:10:26.585,9.84984,9.85145,1.00,1.00
2016.10.27 14:10:26.761,9.84973,9.85145,1.00,1.00
2016.10.27 14:10:27.066,9.84984,9.85145,1.00,1.00
2016.10.27 14:10:27.673,9.8499,9.85159,1.00,1.00
2016.10.27 14:10:27.978,9.84984,9.85159,1.00,1.00
2016.10.27 14:10:28.181,9.84991,9.85159,1.00,1.00
2016.10.27 14:10:28.748,9.84984,9.85147,1.00,1.00
2016.10.27 14:10:29.289,9.84992,9.85147,1.00,1.00
2016.10.27 14:10:29.740,9.84992,9.85152,1.00,1.00
2016.10.27 14:10:29.801,9.84984,9.85152,1.00,1.00
2016.10.27 14:10:32.629,9.84991,9.85152,1.00,1.00
2016.10.27 14:10:33.692,9.84999,9.85152,1.00,1.00
2016.10.27 14:10:33.743,9.84999,9.85159,1.00,1.00
2016.10.27 14:10:33.895,9.84987,9.85159,1.00,1.00
2016.10.27 14:10:37.130,9.85007,9.85174,1.00,1.00
2016.10.27 14:10:37.333,9.84999,9.85174,1.00,1.00
2016.10.27 14:10:37.540,9.84999,9.85156,1.00,1.00
2016.10.27 14:10:37.693,9.8499,9.85156,1.00,1.00
2016.10.27 14:10:38.294,9.85,9.85156,1.00,1.00
2016.10.27 14:10:38.442,9.8499,9.85156,1.00,1.00
2016.10.27 14:10:38.544,9.8499,9.85152,1.00,1.00
2016.10.27 14:10:39.017,9.84999,9.85152,1.00,1.00
2016.10.27 14:10:39.120,9.84992,9.85152,1.00,1.00
2016.10.27 14:10:39.171,9.84992,9.85163,1.00,1.00
2016.10.27 14:10:39.274,9.84992,9.85151,1.00,1.00
2016.10.27 14:10:39.823,9.84991,9.85151,1.00,1.00
2016.10.27 14:10:39.925,9.84989,9.85151,1.00,1.00
2016.10.27 14:10:40.028,9.84998,9.85151,1.00,1.00
2016.10.27 14:10:40.176,9.84998,9.85162,1.00,1.00
2016.10.27 14:10:40.432,9.84989,9.85162,1.00,1.00
2016.10.27 14:10:40.825,9.84995,9.85161,1.00,1.00
2016.10.27 14:10:41.487,9.85007,9.85157,1.00,1.00
2016.10.27 14:10:42.078,9.85007,9.85176,1.00,1.00
2016.10.27 14:10:42.129,9.85004,9.85176,1.00,1.00
2016.10.27 14:10:42.231,9.84996,9.85176,1.00,1.00
2016.10.27 14:10:42.670,9.84988,9.85176,1.00,1.00
2016.10.27 14:10:42.838,9.84996,9.85176,1.00,1.00
2016.10.27 14:10:43.329,9.84997,9.85157,1.00,1.00
2016.10.27 14:10:43.431,9.84988,9.85157,1.00,1.00
2016.10.27 14:10:44.562,9.84988,9.85155,1.00,1.00
2016.10.27 14:10:44.868,9.84999,9.85155,1.00,1.00
2016.10.27 14:10:45.070,9.85014,9.85174,1.00,1.00
2016.10.27 14:10:45.375,9.85014,9.85195,1.00,1.30
2016.10.27 14:10:45.755,9.85034,9.85211,1.00,1.22
2016.10.27 14:10:45.806,9.85072,9.85259,1.00,1.00
2016.10.27 14:10:45.908,9.85081,9.85259,1.00,1.00
2016.10.27 14:10:46.219,9.85095,9.85259,1.00,1.00
2016.10.27 14:10:46.409,9.85108,9.85277,1.00,1.00
2016.10.27 14:10:46.460,9.85108,9.85291,1.00,1.00
2016.10.27 14:10:46.511,9.85125,9.85291,1.00,1.00
2016.10.27 14:10:47.446,9.85133,9.85291,1.00,1.00
2016.10.27 14:10:47.497,9.85133,9.85325,1.00,1.00
2016.10.27 14:10:47.649,9.85141,9.85325,1.00,1.00
2016.10.27 14:10:48.699,9.8515,9.85316,1.00,1.00
2016.10.27 14:10:52.376,9.8515,9.85322,1.00,1.00
2016.10.27 14:10:58.100,9.8515,9.85328,1.00,1.00
2016.10.27 14:10:59.583,9.8515,9.85326,1.00,1.00
2016.10.27 14:11:00.680,9.85175,9.85335,1.00,1.00
2016.10.27 14:11:01.234,9.85203,9.85348,1.00,1.00
2016.10.27 14:11:07.171,9.85191,9.85348,1.00,1.00
2016.10.27 14:11:07.273,9.85186,9.85348,1.00,1.00
2016.10.27 14:11:09.813,9.85208,9.85348,1.00,1.00
2016.10.27 14:11:09.873,9.85208,9.85361,1.00,1.00
2016.10.27 14:11:10.128,9.85208,9.85373,1.00,1.00
2016.10.27 14:11:14.623,9.85208,9.85377,1.00,1.00
2016.10.27 14:11:25.367,9.85203,9.85377,1.00,1.00
2016.10.27 14:11:38.167,9.85211,9.85377,1.00,1.00
2016.10.27 14:11:40.047,9.85199,9.85377,1.00,1.00
2016.10.27 14:11:42.135,9.85174,9.85351,1.00,1.00
2016.10.27 14:11:42.717,9.85175,9.85351,1.00,1.00
2016.10.27 14:11:43.356,9.85184,9.85351,1.00,1.00
2016.10.27 14:11:44.518,9.85173,9.85351,1.00,1.00
2016.10.27 14:11:44.594,9.85183,9.85351,1.00,1.00
2016.10.27 14:11:44.796,9.85175,9.85349,1.00,1.00
2016.10.27 14:11:45.524,9.85179,9.85349,1.00,1.00
2016.10.27 14:11:52.509,9.85179,9.85348,1.00,1.00
2016.10.27 14:12:02.394,9.85202,9.85381,1.00,1.00
2016.10.27 14:12:02.445,9.85192,9.85381,1.00,1.00
2016.10.27 14:12:02.546,9.85178,9.85381,1.00,1.00
2016.10.27 14:12:03.576,9.85178,9.85357,1.00,1.00
2016.10.27 14:12:05.232,9.85312,9.85434,1.00,1.28
2016.10.27 14:12:05.283,9.85312,9.85474,1.00,1.00
2016.10.27 14:12:05.334,9.85315,9.85474,1.00,1.00
2016.10.27 14:12:06.044,9.85315,9.85488,1.00,1.00
2016.10.27 14:12:07.152,9.85315,9.85477,1.00,1.00
2016.10.27 14:12:07.598,9.85307,9.85477,1.00,1.00
2016.10.27 14:12:08.118,9.85308,9.85477,1.00,1.00
2016.10.27 14:12:09.060,9.85325,9.85477,1.00,1.00
2016.10.27 14:12:09.364,9.85336,9.85488,1.00,1.00
2016.10.27 14:12:09.567,9.85325,9.85488,1.00,1.00
2016.10.27 14:12:10.131,9.85336,9.85488,1.00,1.00
2016.10.27 14:12:11.614,9.85333,9.85488,1.00,1.00
2016.10.27 14:12:13.065,9.85332,9.85488,1.00,1.00
2016.10.27 14:12:14.795,9.85332,9.85495,1.00,1.00
2016.10.27 14:12:16.817,9.85325,9.85495,1.00,1.00
2016.10.27 14:12:16.869,9.85325,9.85508,1.00,1.00
2016.10.27 14:12:16.970,9.85334,9.85518,1.00,1.00
2016.10.27 14:12:17.072,9.85342,9.85518,1.00,1.00
2016.10.27 14:12:17.377,9.85353,9.85543,1.00,1.30
2016.10.27 14:12:18.126,9.85363,9.85528,1.00,1.00
2016.10.27 14:12:20.489,9.85363,9.85524,1.00,1.00
2016.10.27 14:12:21.338,9.85363,9.85529,1.00,1.00
2016.10.27 14:12:22.822,9.85363,9.85526,1.00,1.00
2016.10.27 14:12:25.625,9.8535,9.85517,1.00,1.00
2016.10.27 14:12:25.704,9.85359,9.85529,1.00,1.00
2016.10.27 14:12:28.085,9.85359,9.85517,1.00,1.00
2016.10.27 14:12:28.173,9.85351,9.85517,1.00,1.00
2016.10.27 14:12:30.873,9.85351,9.85534,1.00,1.00
2016.10.27 14:12:31.359,9.85359,9.85534,1.00,1.00
2016.10.27 14:12:31.671,9.85359,9.85524,1.00,1.00
2016.10.27 14:12:31.823,9.85359,9.85539,1.00,1.00
2016.10.27 14:12:32.368,9.85362,9.85526,1.00,1.00
2016.10.27 14:12:32.470,9.85354,9.85526,1.00,1.00
2016.10.27 14:12:32.571,9.85363,9.85526,1.00,1.00
2016.10.27 14:12:32.825,9.85363,9.85541,1.00,1.00
2016.10.27 14:12:32.977,9.85355,9.85541,1.00,1.00
2016.10.27 14:12:33.619,9.85355,9.85524,1.00,1.00
2016.10.27 14:12:33.670,9.85335,9.85524,1.50,1.00
2016.10.27 14:12:33.772,9.85327,9.85524,1.00,1.00
2016.10.27 14:12:33.974,9.85349,9.85524,1.00,1.00
2016.10.27 14:12:34.329,9.85349,9.85527,1.00,1.00
2016.10.27 14:12:36.504,9.85329,9.85527,1.00,1.00
2016.10.27 14:12:36.555,9.85327,9.85513,1.00,1.00
2016.10.27 14:12:36.621,9.85319,9.85513,1.00,1.00
2016.10.27 14:12:36.722,9.85338,9.85513,1.00,1.00
2016.10.27 14:12:37.457,9.85347,9.85521,1.00,1.00
2016.10.27 14:12:37.762,9.85352,9.85521,1.00,1.00
2016.10.27 14:12:37.813,9.85352,9.85536,1.00,1.00
2016.10.27 14:12:38.319,9.85352,9.85521,1.00,1.00
2016.10.27 14:12:38.810,9.85498,9.85521,1.00,1.00
2016.10.27 14:12:38.861,9.85498,9.85642,1.00,1.00
2016.10.27 14:12:39.014,9.85495,9.85642,1.00,1.00
2016.10.27 14:12:39.116,9.85483,9.85681,2.10,1.00
2016.10.27 14:12:39.168,9.85483,9.85681,2.10,1.00
2016.10.27 14:12:39.472,9.85517,9.85715,1.60,1.00
2016.10.27 14:12:39.523,9.85549,9.85747,1.35,1.00
2016.10.27 14:12:39.625,9.85573,9.85768,1.00,1.00
2016.10.27 14:12:39.727,9.85573,9.85771,1.00,1.00
2016.10.27 14:12:40.315,9.85573,9.8577,1.00,1.00
2016.10.27 14:12:40.425,9.85584,9.85782,1.00,1.00
2016.10.27 14:12:40.647,9.85574,9.85772,1.00,1.00
2016.10.27 14:12:40.951,9.85582,9.85772,1.00,1.00
2016.10.27 14:12:43.240,9.8559,9.85772,1.00,1.00
2016.10.27 14:12:43.652,9.8559,9.85784,1.00,1.00
2016.10.27 14:12:44.164,9.856,9.85784,1.00,1.00
2016.10.27 14:12:44.668,9.856,9.85796,1.00,1.00
2016.10.27 14:12:45.328,9.85605,9.85796,1.00,1.00
2016.10.27 14:12:48.500,9.85612,9.85806,1.00,1.00
2016.10.27 14:12:50.847,9.8562,9.85806,1.00,1.00
2016.10.27 14:12:52.433,9.8562,9.85816,1.00,1.00
2016.10.27 14:12:55.054,9.85631,9.85816,1.00,1.00
2016.10.27 14:12:55.156,9.85618,9.85816,1.50,1.00
2016.10.27 14:12:55.207,9.85618,9.85791,1.00,1.00
2016.10.27 14:12:55.258,9.85607,9.85805,1.00,1.00
2016.10.27 14:12:55.461,9.85598,9.85787,1.00,1.00
2016.10.27 14:12:55.765,9.85612,9.85787,1.00,1.00
2016.10.27 14:12:56.158,9.85616,9.85787,1.00,1.00
2016.10.27 14:12:56.360,9.85589,9.85787,1.00,1.00
2016.10.27 14:12:56.462,9.85587,9.85785,1.00,1.00
2016.10.27 14:12:56.771,9.85595,9.85785,1.00,1.00
2016.10.27 14:12:57.302,9.85587,9.85785,1.00,1.00
2016.10.27 14:12:58.948,9.85575,9.85785,1.00,1.00
2016.10.27 14:12:59.083,9.85587,9.85785,1.00,1.00
2016.10.27 14:13:00.113,9.85582,9.8578,1.00,1.00
2016.10.27 14:13:00.794,9.85566,9.85761,1.00,1.00
2016.10.27 14:13:00.896,9.85561,9.85761,1.00,1.00
2016.10.27 14:13:01.099,9.85579,9.85777,1.00,1.00
2016.10.27 14:13:04.497,9.85551,9.85745,1.00,1.00
2016.10.27 14:13:04.599,9.85566,9.85764,1.00,1.00
2016.10.27 14:13:04.701,9.85551,9.85742,1.00,1.00
2016.10.27 14:13:05.193,9.85562,9.8576,1.00,1.00
2016.10.27 14:13:05.978,9.85551,9.85749,1.00,1.00
2016.10.27 14:13:07.683,9.85556,9.85754,1.00,1.00
2016.10.27 14:13:09.005,9.85558,9.85754,1.00,1.00
2016.10.27 14:13:14.932,9.85558,9.85756,1.50,1.00
2016.10.27 14:13:22.700,9.85558,9.85754,1.00,1.00
2016.10.27 14:13:25.145,9.85556,9.85719,1.00,1.00
2016.10.27 14:13:25.246,9.85525,9.85719,1.00,1.50
2016.10.27 14:13:25.297,9.85525,9.85707,1.00,1.00
2016.10.27 14:13:25.349,9.85496,9.85693,1.00,1.00
2016.10.27 14:13:25.450,9.85489,9.85692,1.00,1.00
2016.10.27 14:13:25.501,9.85489,9.8568,1.00,1.00
2016.10.27 14:13:25.654,9.85462,9.8566,1.00,1.00
2016.10.27 14:13:25.705,9.85454,9.85633,1.00,1.00
2016.10.27 14:13:25.756,9.85445,9.85633,1.00,1.00
2016.10.27 14:13:26.135,9.85435,9.85616,1.00,1.00
2016.10.27 14:13:26.439,9.85412,9.85606,1.00,1.00
2016.10.27 14:13:26.541,9.85403,9.85594,1.00,1.00
2016.10.27 14:13:26.744,9.85381,9.85573,1.00,1.50
2016.10.27 14:13:27.274,9.85375,9.85573,1.00,1.50
2016.10.27 14:13:27.713,9.85386,9.85581,1.00,1.00
2016.10.27 14:13:28.017,9.85365,9.85529,1.00,1.00
2016.10.27 14:13:28.068,9.85355,9.85529,1.00,1.00
2016.10.27 14:13:28.119,9.85361,9.85559,1.00,1.00
2016.10.27 14:13:28.171,9.85361,9.85546,1.00,1.00
2016.10.27 14:13:28.272,9.85361,9.85557,1.00,1.00
2016.10.27 14:13:29.554,9.85361,9.85548,1.00,1.00
2016.10.27 14:13:29.859,9.85361,9.85525,1.00,1.00
2016.10.27 14:13:29.960,9.85359,9.85525,1.00,1.00
2016.10.27 14:13:30.355,9.85359,9.85545,1.00,1.00
2016.10.27 14:13:32.161,9.85359,9.85553,1.00,1.00
2016.10.27 14:13:32.364,9.8537,9.85553,1.00,1.00
2016.10.27 14:13:33.315,9.8537,9.85528,1.00,1.00
2016.10.27 14:13:33.468,9.85358,9.8552,1.00,1.00
2016.10.27 14:13:33.569,9.85358,9.8554,1.00,1.50
2016.10.27 14:13:33.672,9.85358,9.85528,1.00,1.00
2016.10.27 14:13:33.774,9.85358,9.85536,1.00,1.00
2016.10.27 14:13:33.825,9.85368,9.85536,1.00,1.00
2016.10.27 14:13:33.876,9.85368,9.85557,1.00,1.50
2016.10.27 14:13:35.002,9.85368,9.85533,1.00,1.00
2016.10.27 14:13:35.564,9.85373,9.85533,1.00,1.00
2016.10.27 14:13:35.615,9.85373,9.85558,1.00,1.00
2016.10.27 14:13:35.667,9.85373,9.85566,1.00,1.00
2016.10.27 14:13:36.175,9.85387,9.85569,1.00,1.00
2016.10.27 14:13:36.480,9.85388,9.85578,1.00,1.00
2016.10.27 14:13:36.581,9.85399,9.85578,1.00,1.00
2016.10.27 14:13:36.632,9.85399,9.85587,1.00,1.00
2016.10.27 14:13:37.042,9.8541,9.85588,1.00,1.00
2016.10.27 14:13:37.194,9.85399,9.85588,1.00,1.00
2016.10.27 14:13:37.942,9.85403,9.85599,1.00,1.00
2016.10.27 14:13:37.996,9.85423,9.85599,1.00,1.00
2016.10.27 14:13:38.401,9.85431,9.85599,1.00,1.00
2016.10.27 14:13:38.802,9.85431,9.85587,1.00,1.00
2016.10.27 14:13:39.135,9.85431,9.85597,1.00,1.00
2016.10.27 14:13:44.990,9.85431,9.85599,1.00,1.00
2016.10.27 14:13:49.442,9.85431,9.85618,1.00,1.00
2016.10.27 14:13:56.584,9.85441,9.85634,1.00,1.50
2016.10.27 14:14:00.390,9.85441,9.85627,1.00,1.00
2016.10.27 14:14:02.227,9.85441,9.85585,1.00,1.00
2016.10.27 14:14:02.278,9.85386,9.85568,1.00,1.00
2016.10.27 14:14:02.431,9.85368,9.85537,1.00,1.00
2016.10.27 14:14:02.736,9.85368,9.8552,1.00,1.00
2016.10.27 14:14:03.266,9.85373,9.85571,1.00,1.00
2016.10.27 14:14:03.317,9.85373,9.85564,1.00,1.00
2016.10.27 14:14:03.571,9.85311,9.85507,1.00,1.00
2016.10.27 14:14:03.622,9.85301,9.85485,1.00,1.00
2016.10.27 14:14:03.875,9.85287,9.85473,1.00,1.00
2016.10.27 14:14:04.464,9.85291,9.85473,1.00,1.00
2016.10.27 14:14:04.617,9.85311,9.85495,1.00,1.00
2016.10.27 14:14:05.075,9.85267,9.85475,1.00,1.00
2016.10.27 14:14:05.177,9.85259,9.85467,1.00,1.00
2016.10.27 14:14:05.604,9.85245,9.85453,1.37,1.00
2016.10.27 14:14:05.908,9.85287,9.85475,1.00,1.00
2016.10.27 14:14:07.837,9.85287,9.85483,1.00,1.00
2016.10.27 14:14:14.978,9.85287,9.85481,1.00,1.00
2016.10.27 14:14:15.574,9.85275,9.85454,1.00,1.00
2016.10.27 14:14:15.777,9.8525,9.85443,1.00,1.00
2016.10.27 14:14:15.879,9.85242,9.85443,1.00,1.00
2016.10.27 14:14:16.182,9.8525,9.85443,1.00,1.00
2016.10.27 14:14:16.386,9.85241,9.85443,1.00,1.00
2016.10.27 14:14:16.919,9.85231,9.85439,1.00,1.00
2016.10.27 14:14:16.990,9.85242,9.85444,1.00,1.00
2016.10.27 14:14:17.193,9.85233,9.85443,1.00,1.00
2016.10.27 14:14:21.088,9.85248,9.85444,1.00,1.00
2016.10.27 14:14:22.802,9.85248,9.85438,1.00,1.00
2016.10.27 14:14:25.334,9.85251,9.85438,1.00,1.00
2016.10.27 14:14:41.964,9.85259,9.8545,1.00,1.00
2016.10.27 14:14:42.066,9.85268,9.85451,1.00,1.00
2016.10.27 14:14:42.475,9.85363,9.85476,1.00,1.00
2016.10.27 14:14:42.576,9.85363,9.85532,1.00,1.00
2016.10.27 14:14:42.627,9.85363,9.85532,1.60,1.00
2016.10.27 14:14:42.679,9.85363,9.85563,1.60,1.00
2016.10.27 14:14:42.730,9.85367,9.85563,2.10,1.00
2016.10.27 14:14:43.036,9.85416,9.85592,1.00,1.00
2016.10.27 14:14:43.087,9.85425,9.85592,1.00,1.00
2016.10.27 14:14:43.610,9.85425,9.85603,1.00,1.00
2016.10.27 14:14:43.763,9.85432,9.85603,1.00,1.00
2016.10.27 14:14:43.966,9.85398,9.85589,1.00,1.00
2016.10.27 14:14:44.068,9.85431,9.85587,1.00,1.00
2016.10.27 14:14:44.171,9.8544,9.85617,1.00,1.00
2016.10.27 14:14:44.273,9.85449,9.85617,1.00,1.00
2016.10.27 14:14:44.879,9.85419,9.85617,1.50,1.00
2016.10.27 14:14:44.933,9.85426,9.85624,1.00,1.00
2016.10.27 14:14:45.237,9.85454,9.85624,1.00,1.00
2016.10.27 14:14:45.933,9.85454,9.85634,1.00,1.00
2016.10.27 14:14:47.595,9.85453,9.85634,1.00,1.00
2016.10.27 14:14:47.805,9.85461,9.85634,1.00,1.00
2016.10.27 14:14:48.008,9.8545,9.85634,1.00,1.00
2016.10.27 14:14:48.110,9.85458,9.85634,1.00,1.00
2016.10.27 14:14:48.607,9.85444,9.85634,1.00,1.00
2016.10.27 14:14:48.658,9.85444,9.85623,1.00,1.00
2016.10.27 14:14:48.724,9.85436,9.85623,1.00,1.00
2016.10.27 14:14:48.775,9.85425,9.85623,1.50,1.00
2016.10.27 14:14:49.282,9.85436,9.85622,1.00,1.00
2016.10.27 14:14:49.820,9.85444,9.85622,1.00,1.00
2016.10.27 14:14:49.928,9.85436,9.85622,1.00,1.00
2016.10.27 14:14:49.979,9.85444,9.85622,1.00,1.00
2016.10.27 14:14:50.292,9.85431,9.85622,1.00,1.00
2016.10.27 14:14:50.495,9.8544,9.85622,1.00,1.00
2016.10.27 14:14:51.543,9.85424,9.85622,1.00,1.00
2016.10.27 14:14:51.640,9.85419,9.85618,1.00,1.00
2016.10.27 14:14:52.152,9.85419,9.85608,1.00,1.00
2016.10.27 14:14:54.575,9.85419,9.85614,1.00,1.00
2016.10.27 14:14:54.627,9.85428,9.85614,1.00,1.00
2016.10.27 14:14:55.273,9.85419,9.85614,1.00,1.00
2016.10.27 14:14:56.185,9.85419,9.85602,1.00,1.00
2016.10.27 14:14:56.236,9.85406,9.85602,1.00,1.00
2016.10.27 14:14:56.677,9.85404,9.85602,1.00,1.00
2016.10.27 14:14:56.729,9.85389,9.85576,1.00,1.00
2016.10.27 14:14:56.986,9.854,9.856,1.00,1.00
2016.10.27 14:14:57.382,9.85526,9.85714,1.00,1.00
2016.10.27 14:14:57.919,9.85552,9.85714,1.00,1.00
2016.10.27 14:14:57.971,9.85552,9.85736,1.00,1.00
2016.10.27 14:15:00.404,9.85557,9.85744,1.00,1.00
2016.10.27 14:15:01.077,9.85557,9.85737,1.00,1.00
2016.10.27 14:15:01.915,9.85557,9.85748,1.00,1.00
2016.10.27 14:15:02.119,9.85557,9.85737,1.00,1.00
2016.10.27 14:15:06.790,9.85557,9.85749,1.00,1.00
2016.10.27 14:15:07.519,9.85557,9.85732,1.00,1.00
2016.10.27 14:15:08.745,9.85557,9.85743,1.50,1.00
2016.10.27 14:15:09.388,9.85558,9.85749,1.00,1.00
2016.10.27 14:15:09.540,9.85558,9.85706,1.00,1.00
2016.10.27 14:15:10.050,9.85557,9.85706,1.00,1.00
2016.10.27 14:15:10.784,9.85562,9.85706,1.00,1.00
2016.10.27 14:15:12.185,9.85562,9.85704,1.00,1.00
2016.10.27 14:15:13.058,9.85557,9.85706,1.00,1.00
2016.10.27 14:15:13.362,9.85557,9.85683,1.00,1.00
2016.10.27 14:15:13.617,9.85557,9.85706,1.00,1.00
2016.10.27 14:15:15.242,9.85548,9.85706,1.00,1.00
2016.10.27 14:15:15.293,9.85548,9.85681,1.00,1.00
2016.10.27 14:15:16.523,9.85548,9.8568,1.00,1.00
2016.10.27 14:15:16.828,9.85548,9.85669,1.00,1.00
2016.10.27 14:15:17.132,9.85548,9.85681,1.00,1.00
2016.10.27 14:15:17.601,9.85548,9.8567,1.00,1.00
2016.10.27 14:15:17.754,9.85548,9.85681,1.00,1.00
2016.10.27 14:15:18.348,9.85548,9.85701,1.00,1.00
2016.10.27 14:15:19.517,9.85529,9.85701,1.00,1.00
2016.10.27 14:15:23.787,9.85529,9.85699,1.00,1.00
2016.10.27 14:15:23.990,9.85529,9.85701,1.00,1.00
2016.10.27 14:15:25.026,9.85516,9.85701,1.00,1.00
2016.10.27 14:15:25.128,9.85516,9.85679,1.00,1.00
2016.10.27 14:15:28.378,9.85516,9.85677,1.00,1.00
2016.10.27 14:15:28.810,9.85516,9.85656,1.00,1.00
2016.10.27 14:15:30.194,9.85509,9.85656,1.00,1.00
2016.10.27 14:15:34.188,9.85497,9.85656,1.00,1.00
2016.10.27 14:15:34.289,9.85486,9.85656,1.00,1.00
2016.10.27 14:15:35.363,9.85476,9.85656,1.00,1.00
2016.10.27 14:15:36.638,9.85476,9.85633,1.00,1.00
2016.10.27 14:15:36.696,9.85467,9.85633,1.50,1.00
2016.10.27 14:15:38.851,9.85458,9.85633,1.00,1.00
2016.10.27 14:15:39.481,9.85468,9.85633,1.00,1.00
2016.10.27 14:15:39.824,9.85458,9.85633,1.00,1.00
2016.10.27 14:15:39.926,9.85448,9.85625,1.00,1.00
2016.10.27 14:15:40.129,9.85461,9.85633,1.00,1.00
2016.10.27 14:15:40.471,9.85461,9.85608,1.00,1.00
2016.10.27 14:15:41.251,9.85436,9.85608,1.00,1.00
2016.10.27 14:15:41.352,9.85433,9.85608,1.00,1.00
2016.10.27 14:15:42.187,9.85424,9.85608,1.00,1.00
2016.10.27 14:15:42.604,9.85424,9.85611,1.00,1.00
2016.10.27 14:15:42.782,9.85424,9.85586,1.00,1.00
2016.10.27 14:15:44.301,9.85424,9.85585,1.00,1.00
2016.10.27 14:15:44.352,9.85414,9.85585,1.00,1.00
2016.10.27 14:15:44.657,9.85405,9.85585,1.00,1.00
2016.10.27 14:15:45.786,9.85393,9.85567,1.00,1.00
2016.10.27 14:15:46.370,9.85385,9.85567,1.00,1.00
2016.10.27 14:15:46.522,9.85385,9.85512,1.00,1.00
2016.10.27 14:15:46.874,9.85365,9.85465,1.00,1.00
2016.10.27 14:15:46.926,9.85287,9.85465,1.67,1.00
2016.10.27 14:15:47.054,9.85287,9.85465,1.67,1.00
2016.10.27 14:15:47.155,9.85296,9.85485,1.67,1.50
2016.10.27 14:15:47.206,9.85296,9.85459,1.67,1.00
2016.10.27 14:15:47.359,9.85276,9.85451,1.00,1.00
2016.10.27 14:15:47.461,9.85267,9.85451,1.00,1.00
2016.10.27 14:15:47.563,9.85253,9.8545,1.00,1.00
2016.10.27 14:15:47.614,9.85242,9.85371,1.00,1.00
2016.10.27 14:15:47.665,9.85233,9.85371,1.00,1.00
2016.10.27 14:15:48.096,9.85213,9.85364,1.00,1.00
2016.10.27 14:15:48.147,9.85171,9.85322,1.67,1.00
2016.10.27 14:15:48.249,9.85154,9.85339,1.67,1.00
2016.10.27 14:15:48.655,9.85161,9.85359,2.17,1.00
2016.10.27 14:15:48.757,9.8519,9.85384,1.67,1.00
2016.10.27 14:15:48.960,9.85184,9.85384,1.00,1.00
2016.10.27 14:15:49.698,9.85222,9.85401,1.00,1.00
2016.10.27 14:15:50.015,9.85215,9.85388,1.00,1.00
2016.10.27 14:15:50.067,9.85223,9.85401,1.00,1.00
2016.10.27 14:15:50.789,9.85214,9.85401,1.00,1.00
2016.10.27 14:15:50.891,9.85209,9.85401,1.00,1.00
2016.10.27 14:15:50.943,9.85203,9.85398,1.00,1.00
2016.10.27 14:15:51.298,9.85203,9.85375,1.00,1.00
2016.10.27 14:15:51.676,9.8519,9.85375,1.50,1.00
2016.10.27 14:15:52.664,9.85201,9.85375,1.00,1.00
2016.10.27 14:15:52.967,9.85201,9.85375,1.67,1.00
2016.10.27 14:15:53.464,9.85214,9.85375,2.02,1.00
2016.10.27 14:15:53.516,9.85214,9.85403,2.77,1.00
2016.10.27 14:15:55.062,9.85268,9.85403,1.00,1.00
2016.10.27 14:15:57.608,9.85226,9.85403,1.00,1.00
2016.10.27 14:15:57.862,9.85226,9.85401,1.00,1.00
2016.10.27 14:15:58.168,9.85226,9.85379,1.00,1.00
2016.10.27 14:16:00.068,9.85225,9.85379,1.00,1.00
2016.10.27 14:16:01.570,9.8521,9.85379,1.00,1.00
2016.10.27 14:16:05.112,9.85209,9.85379,1.00,1.00
2016.10.27 14:16:05.163,9.85209,9.85389,1.00,1.00
2016.10.27 14:16:05.315,9.85209,9.85387,1.00,1.00
2016.10.27 14:16:05.416,9.85209,9.85389,1.00,1.00
2016.10.27 14:16:05.822,9.85191,9.85384,1.00,1.00
2016.10.27 14:16:05.923,9.85191,9.85376,1.00,1.00
2016.10.27 14:16:05.974,9.85181,9.85376,1.00,1.00
2016.10.27 14:16:08.541,9.85191,9.85389,1.00,1.00
2016.10.27 14:16:12.671,9.85192,9.85392,1.00,1.50
2016.10.27 14:16:15.545,9.85191,9.85389,1.00,1.00
2016.10.27 14:16:27.423,9.85255,9.85408,1.00,1.00
2016.10.27 14:16:27.525,9.85225,9.85408,1.50,1.00
2016.10.27 14:16:27.576,9.85238,9.85428,1.00,1.00
2016.10.27 14:16:27.627,9.85266,9.85446,1.00,1.00
2016.10.27 14:16:27.678,9.85266,9.85451,1.00,1.00
2016.10.27 14:16:27.729,9.85266,9.85465,1.35,1.00
2016.10.27 14:16:27.780,9.85266,9.85462,1.00,1.00
2016.10.27 14:16:27.882,9.85272,9.8548,1.00,1.00
2016.10.27 14:16:27.933,9.85272,9.8548,1.60,1.00
2016.10.27 14:16:27.984,9.85295,9.85483,1.00,1.00
2016.10.27 14:16:28.086,9.85303,9.85483,1.00,1.00
2016.10.27 14:16:28.929,9.85311,9.85483,1.00,1.00
2016.10.27 14:16:28.980,9.85326,9.85519,1.00,1.00
2016.10.27 14:16:41.728,9.85336,9.85519,1.00,1.00
2016.10.27 14:16:41.983,9.85286,9.85483,1.50,1.00
2016.10.27 14:16:42.035,9.85325,9.85503,1.00,1.00
2016.10.27 14:16:42.101,9.85325,9.85509,1.00,1.00
2016.10.27 14:16:42.204,9.85325,9.85518,1.00,1.00
2016.10.27 14:16:42.356,9.8531,9.85518,1.00,1.00
2016.10.27 14:16:44.809,9.85318,9.85523,1.00,1.00
2016.10.27 14:16:45.113,9.85333,9.85531,1.00,1.00
2016.10.27 14:16:45.427,9.85349,9.85542,1.00,1.00
2016.10.27 14:16:47.132,9.85349,9.85533,1.00,1.00
2016.10.27 14:16:50.727,9.85349,9.85543,1.00,1.00
2016.10.27 14:16:53.057,9.85352,9.85543,1.00,1.00
2016.10.27 14:17:00.290,9.85335,9.85543,1.00,1.00
2016.10.27 14:17:01.865,9.85344,9.85552,1.00,1.50
2016.10.27 14:17:03.221,9.85335,9.85543,1.00,1.00
2016.10.27 14:17:05.292,9.8534,9.85548,1.00,1.00
2016.10.27 14:17:09.278,9.85332,9.8554,1.00,1.00
2016.10.27 14:17:09.583,9.85343,9.85551,1.00,1.00
2016.10.27 14:17:12.822,9.85335,9.85543,1.00,1.00
2016.10.27 14:17:14.997,9.8533,9.85535,1.00,1.00
2016.10.27 14:17:15.302,9.85343,9.85535,1.00,1.00
2016.10.27 14:17:15.827,9.85324,9.85522,1.00,1.00
2016.10.27 14:17:15.879,9.85324,9.85514,1.00,1.00
2016.10.27 14:17:16.536,9.85321,9.85514,1.00,1.00
2016.10.27 14:17:17.191,9.85321,9.85505,1.00,1.00
2016.10.27 14:17:18.429,9.85321,9.85519,1.00,1.00
2016.10.27 14:17:18.791,9.85328,9.85519,1.00,1.00
2016.10.27 14:17:22.620,9.85369,9.85546,1.00,1.00
2016.10.27 14:17:22.671,9.85369,9.85567,1.00,1.00
2016.10.27 14:17:22.722,9.85369,9.85535,1.00,1.00
2016.10.27 14:17:22.773,9.85346,9.85535,1.00,1.00
2016.10.27 14:17:22.824,9.85346,9.85527,1.00,1.00
2016.10.27 14:17:24.377,9.85346,9.85536,1.00,1.00
2016.10.27 14:17:24.580,9.85356,9.85536,1.00,1.00
2016.10.27 14:17:24.631,9.85356,9.85545,1.00,1.00
2016.10.27 14:17:24.733,9.85376,9.85554,1.00,1.00
2016.10.27 14:17:25.780,9.85376,9.85554,1.00,1.60
2016.10.27 14:17:25.933,9.8533,9.85528,1.00,1.60
2016.10.27 14:17:25.984,9.85328,9.85488,1.00,1.00
2016.10.27 14:17:26.137,9.85304,9.85488,1.00,1.60
2016.10.27 14:17:26.238,9.85296,9.85488,1.00,1.60
2016.10.27 14:17:26.768,9.85296,9.85488,1.00,1.60
2016.10.27 14:17:29.590,9.85296,9.85504,1.60,1.00
2016.10.27 14:17:29.641,9.85318,9.85521,1.00,1.00
2016.10.27 14:17:30.023,9.85336,9.8553,1.60,1.00
2016.10.27 14:17:30.375,9.85387,9.85562,1.00,1.00
2016.10.27 14:17:30.529,9.85429,9.85613,1.00,1.00
2016.10.27 14:17:30.681,9.85434,9.85632,1.00,1.00
2016.10.27 14:17:30.732,9.85437,9.85632,1.00,1.00
2016.10.27 14:17:31.356,9.85445,9.85632,1.00,1.00
2016.10.27 14:17:31.407,9.85434,9.85632,1.50,1.00
2016.10.27 14:17:31.559,9.85441,9.85632,1.00,1.00
2016.10.27 14:17:31.863,9.85441,9.85621,1.00,1.00
2016.10.27 14:17:32.285,9.85441,9.85632,1.00,1.00
2016.10.27 14:17:32.841,9.85434,9.85615,1.00,1.00
2016.10.27 14:17:33.095,9.85422,9.85607,1.00,1.00
2016.10.27 14:17:33.146,9.85422,9.85597,1.00,1.00
2016.10.27 14:17:33.248,9.8544,9.8562,1.00,1.00
2016.10.27 14:17:33.299,9.8544,9.85631,1.00,1.00
2016.10.27 14:17:33.350,9.85448,9.85631,1.00,1.00
2016.10.27 14:17:34.695,9.85456,9.85654,1.00,1.00
2016.10.27 14:17:34.797,9.85476,9.85664,1.00,1.00
2016.10.27 14:17:34.848,9.85476,9.85672,1.00,1.00
2016.10.27 14:17:35.290,9.85476,9.85669,1.00,1.00
2016.10.27 14:17:35.408,9.85476,9.85673,1.00,1.00
2016.10.27 14:17:35.814,9.85476,9.85667,1.00,1.00
2016.10.27 14:17:36.118,9.85484,9.85667,1.00,1.00
2016.10.27 14:17:36.786,9.85484,9.8568,1.00,1.00
2016.10.27 14:17:37.383,9.85484,9.8568,1.00,1.37
2016.10.27 14:17:37.535,9.85484,9.85674,1.00,1.00
2016.10.27 14:17:37.876,9.8548,9.85654,1.00,1.00
2016.10.27 14:17:38.181,9.85493,9.85682,1.00,1.37
2016.10.27 14:17:38.489,9.85484,9.85661,1.00,1.00
2016.10.27 14:17:38.794,9.85446,9.85644,1.00,1.00
2016.10.27 14:17:38.845,9.85484,9.85644,1.00,1.00
2016.10.27 14:17:38.947,9.85476,9.85644,1.00,1.00
2016.10.27 14:17:38.998,9.85484,9.85682,1.00,1.37
2016.10.27 14:17:39.049,9.85498,9.85682,1.00,1.37
2016.10.27 14:17:39.534,9.85511,9.85706,1.00,1.37
2016.10.27 14:17:39.981,9.85489,9.85658,1.00,1.00
2016.10.27 14:17:40.066,9.85495,9.85687,1.00,1.37
2016.10.27 14:17:40.167,9.85503,9.85687,1.00,1.37
2016.10.27 14:17:40.472,9.85523,9.85721,1.00,1.37
2016.10.27 14:17:41.348,9.85523,9.85721,1.00,1.37
2016.10.27 14:17:41.500,9.85535,9.85727,1.00,1.37
2016.10.27 14:17:41.905,9.85511,9.85695,1.00,1.37
2016.10.27 14:17:42.240,9.85485,9.85677,1.00,1.00
2016.10.27 14:17:42.327,9.85495,9.85677,1.00,1.00
2016.10.27 14:17:42.480,9.85479,9.85662,1.00,1.00
2016.10.27 14:17:42.581,9.85479,9.85652,1.00,1.00
2016.10.27 14:17:42.785,9.85479,9.85663,1.00,1.00
2016.10.27 14:17:42.836,9.85479,9.85677,1.00,1.00
2016.10.27 14:17:42.887,9.85483,9.85677,1.00,1.00
2016.10.27 14:17:43.259,9.85475,9.8566,1.00,1.00
2016.10.27 14:17:43.563,9.85483,9.8566,1.00,1.00
2016.10.27 14:17:43.816,9.85491,9.85682,1.00,1.37
2016.10.27 14:17:44.082,9.85498,9.85682,1.00,1.37
2016.10.27 14:17:45.294,9.85501,9.85682,1.00,1.37
2016.10.27 14:17:45.346,9.85501,9.85682,1.00,1.00
2016.10.27 14:17:45.397,9.85501,9.85694,1.00,1.37
2016.10.27 14:17:45.499,9.85509,9.85694,1.00,1.37
2016.10.27 14:17:45.884,9.85519,9.85717,1.00,1.37
2016.10.27 14:17:46.558,9.85519,9.85717,1.00,1.37
2016.10.27 14:17:47.103,9.85524,9.85722,1.00,1.37
2016.10.27 14:17:49.673,9.85509,9.85685,1.00,1.00
2016.10.27 14:17:49.724,9.85527,9.85705,1.00,1.37
2016.10.27 14:17:50.707,9.85531,9.8572,1.00,1.37
2016.10.27 14:17:51.132,9.8554,9.85729,1.00,1.37
2016.10.27 14:17:51.945,9.85541,9.85739,1.00,1.37
2016.10.27 14:17:52.936,9.8553,9.85728,1.00,1.37
2016.10.27 14:17:53.241,9.85514,9.85695,1.00,1.37
2016.10.27 14:17:53.322,9.85497,9.85695,1.00,1.37
2016.10.27 14:17:53.424,9.85497,9.85657,1.00,1.00
2016.10.27 14:17:53.826,9.85497,9.85669,1.00,1.00
2016.10.27 14:17:53.878,9.85461,9.85641,1.00,1.00
2016.10.27 14:17:53.929,9.85483,9.85661,1.00,1.00
2016.10.27 14:17:54.234,9.85463,9.85648,1.50,1.00
2016.10.27 14:17:54.336,9.85475,9.85653,1.00,1.00
2016.10.27 14:17:54.639,9.85483,9.85653,1.00,1.00
2016.10.27 14:17:55.638,9.85492,9.85662,1.00,1.00
2016.10.27 14:18:00.464,9.85492,9.85665,1.00,1.00
2016.10.27 14:18:00.990,9.85499,9.85691,1.00,1.00
2016.10.27 14:18:01.339,9.85501,9.85697,1.00,1.00
2016.10.27 14:18:01.397,9.85509,9.85697,1.00,1.00
2016.10.27 14:18:01.933,9.85509,9.85686,1.00,1.00
2016.10.27 14:18:02.237,9.85525,9.85686,1.00,1.00
2016.10.27 14:18:02.878,9.85525,9.85697,1.00,1.00
2016.10.27 14:18:03.132,9.85534,9.85697,1.00,1.00
2016.10.27 14:18:03.183,9.85534,9.85707,1.00,1.00
2016.10.27 14:18:04.368,9.85554,9.85719,1.00,1.00
2016.10.27 14:18:04.520,9.85546,9.85719,1.00,1.00
2016.10.27 14:18:05.336,9.85548,9.85719,1.00,1.00
2016.10.27 14:18:06.225,9.85556,9.85719,1.00,1.00
2016.10.27 14:18:06.277,9.85556,9.85735,1.00,1.00
2016.10.27 14:18:06.530,9.85564,9.85735,1.00,1.00
2016.10.27 14:18:07.649,9.85575,9.85758,1.00,1.00
2016.10.27 14:18:07.853,9.85582,9.85758,1.00,1.00
2016.10.27 14:18:08.734,9.85582,9.8576,1.00,1.00
2016.10.27 14:18:08.785,9.85571,9.8576,1.00,1.00
2016.10.27 14:18:12.058,9.8557,9.8576,1.00,1.00
2016.10.27 14:18:12.160,9.85582,9.8576,1.00,1.00
2016.10.27 14:18:12.362,9.85572,9.8576,1.00,1.00
2016.10.27 14:18:12.464,9.85572,9.85749,1.00,1.00
2016.10.27 14:18:12.768,9.85572,9.85759,1.00,1.00
2016.10.27 14:18:12.870,9.85582,9.85759,1.00,1.00
2016.10.27 14:18:13.399,9.85569,9.85759,1.00,1.00
2016.10.27 14:18:14.189,9.85572,9.8577,1.00,1.00
2016.10.27 14:18:14.240,9.8558,9.8577,1.00,1.00
2016.10.27 14:18:14.668,9.85571,9.85751,1.00,1.00
2016.10.27 14:18:15.465,9.85571,9.8575,1.00,1.00
2016.10.27 14:18:16.362,9.85563,9.8575,1.00,1.00
2016.10.27 14:18:16.565,9.85555,9.8575,1.00,1.00
2016.10.27 14:18:16.667,9.85552,9.85742,1.00,1.00
2016.10.27 14:18:16.718,9.85534,9.85726,1.00,1.00
2016.10.27 14:18:16.769,9.85528,9.85726,1.00,1.00
2016.10.27 14:18:16.973,9.85528,9.85717,1.00,1.00
2016.10.27 14:18:17.578,9.85528,9.857,1.00,1.00
2016.10.27 14:18:18.213,9.85519,9.857,1.00,1.00
2016.10.27 14:18:18.315,9.85501,9.857,1.00,1.00
2016.10.27 14:18:18.366,9.85501,9.85704,1.00,1.00
2016.10.27 14:18:18.873,9.85501,9.85699,1.00,1.00
2016.10.27 14:18:20.548,9.85501,9.85691,1.00,1.00
2016.10.27 14:18:23.920,9.85498,9.85691,1.00,1.00
2016.10.27 14:18:24.425,9.85501,9.85691,1.00,1.00
2016.10.27 14:18:24.476,9.85501,9.85702,1.00,1.00
2016.10.27 14:18:24.527,9.85494,9.85691,1.00,1.00
2016.10.27 14:18:25.432,9.85493,9.85691,1.00,1.00
2016.10.27 14:18:25.781,9.85466,9.85625,1.00,1.00
2016.10.27 14:18:26.085,9.85466,9.85614,1.00,1.00
2016.10.27 14:18:26.238,9.85425,9.85578,1.00,1.00
2016.10.27 14:18:26.289,9.85425,9.85586,1.00,1.00
2016.10.27 14:18:26.390,9.85425,9.85575,1.00,1.00
2016.10.27 14:18:26.914,9.85425,9.85563,1.00,1.00
2016.10.27 14:18:30.515,9.85415,9.85563,1.00,1.00
2016.10.27 14:18:33.548,9.85427,9.85563,1.00,1.00
2016.10.27 14:18:33.805,9.85427,9.85571,1.00,1.00
2016.10.27 14:18:35.213,9.85427,9.85581,1.00,1.00
2016.10.27 14:18:39.069,9.85429,9.85581,1.00,1.00
2016.10.27 14:18:42.830,9.85429,9.8559,1.00,1.00
2016.10.27 14:18:43.086,9.85429,9.856,1.00,1.00
2016.10.27 14:18:43.137,9.85436,9.856,1.00,1.00
2016.10.27 14:18:43.188,9.85436,9.85608,1.00,1.00
2016.10.27 14:18:44.416,9.85439,9.85608,1.00,1.00
2016.10.27 14:18:45.433,9.85439,9.85604,1.00,1.00
2016.10.27 14:18:45.747,9.85443,9.85604,1.00,1.00
2016.10.27 14:18:46.634,9.85452,9.85604,1.00,1.00
2016.10.27 14:18:46.736,9.85452,9.8565,1.00,1.50
2016.10.27 14:18:46.837,9.85452,9.85644,1.00,1.00
2016.10.27 14:18:47.141,9.85452,9.85613,1.00,1.00
2016.10.27 14:18:47.706,9.85444,9.85613,1.00,1.00
2016.10.27 14:18:48.888,9.85454,9.85613,1.00,1.00
2016.10.27 14:18:49.681,9.85444,9.85607,1.00,1.00
2016.10.27 14:18:50.137,9.85444,9.85621,1.00,1.00
2016.10.27 14:18:50.436,9.85448,9.85642,1.00,1.00
2016.10.27 14:18:50.487,9.85454,9.85652,1.00,1.00
2016.10.27 14:18:50.539,9.85457,9.85652,1.00,1.00
2016.10.27 14:18:50.915,9.85464,9.85621,1.00,1.00
2016.10.27 14:18:51.468,9.85453,9.85621,1.00,1.00
2016.10.27 14:18:53.399,9.85448,9.85621,1.00,1.00
2016.10.27 14:18:54.152,9.85448,9.85613,1.00,1.00
2016.10.27 14:18:54.355,9.85444,9.85613,1.00,1.00
2016.10.27 14:18:54.659,9.85454,9.85651,1.00,1.00
2016.10.27 14:18:55.470,9.85454,9.85617,1.00,1.00
2016.10.27 14:18:55.542,9.85443,9.85617,1.00,1.00
2016.10.27 14:18:57.153,9.85445,9.85643,1.00,1.00
2016.10.27 14:18:57.255,9.85453,9.85643,1.00,1.00
2016.10.27 14:18:57.458,9.85445,9.85643,1.00,1.00
2016.10.27 14:18:58.156,9.85443,9.85618,1.00,1.00
2016.10.27 14:18:58.460,9.85443,9.85609,1.00,1.00
2016.10.27 14:18:58.512,9.85437,9.85609,1.00,1.00
2016.10.27 14:18:59.726,9.85451,9.85646,1.00,1.00
2016.10.27 14:18:59.777,9.85448,9.85623,1.00,1.00
2016.10.27 14:19:00.095,9.85448,9.85616,1.00,1.00
2016.10.27 14:19:00.567,9.85438,9.85616,1.00,1.00
2016.10.27 14:19:01.046,9.85438,9.85625,1.37,1.00
2016.10.27 14:19:01.574,9.85459,9.85636,1.00,1.00
2016.10.27 14:19:01.777,9.85438,9.85636,1.37,1.00
2016.10.27 14:19:01.879,9.85438,9.85628,1.37,1.00
2016.10.27 14:19:02.528,9.85455,9.85628,1.00,1.00
2016.10.27 14:19:05.393,9.85455,9.85625,1.00,1.00
2016.10.27 14:19:05.463,9.85445,9.85625,1.37,1.00
2016.10.27 14:19:07.807,9.85445,9.856,1.37,1.00
2016.10.27 14:19:09.797,9.85435,9.85608,1.50,1.00
2016.10.27 14:19:10.534,9.85494,9.85608,1.00,1.00
2016.10.27 14:19:10.694,9.85582,9.85701,1.00,1.00
2016.10.27 14:19:10.796,9.85635,9.85714,1.00,1.00
2016.10.27 14:19:10.899,9.85635,9.85767,1.00,1.00
2016.10.27 14:19:11.002,9.85635,9.85772,1.00,1.00
2016.10.27 14:19:11.054,9.85635,9.85784,1.00,1.00
2016.10.27 14:19:11.555,9.85635,9.85812,1.00,1.00
2016.10.27 14:19:11.607,9.85635,9.8582,1.00,1.00
2016.10.27 14:19:11.810,9.85643,9.8582,1.00,1.00
2016.10.27 14:19:12.334,9.85661,9.8582,1.00,1.00
2016.10.27 14:19:12.796,9.85649,9.8582,1.00,1.00
2016.10.27 14:19:23.443,9.85654,9.8582,1.00,1.00
2016.10.27 14:19:25.321,9.85654,9.85819,1.00,1.00
2016.10.27 14:19:27.552,9.85654,9.8583,1.00,1.00
2016.10.27 14:19:27.974,9.85654,9.85841,1.00,1.00
2016.10.27 14:19:28.025,9.85686,9.85852,2.10,1.00
2016.10.27 14:19:28.076,9.85682,9.85856,2.10,1.00
2016.10.27 14:19:28.128,9.85668,9.85856,2.10,1.00
2016.10.27 14:19:28.182,9.85728,9.85876,1.00,1.00
2016.10.27 14:19:28.335,9.85744,9.85906,1.00,1.00
2016.10.27 14:19:28.386,9.85744,9.85884,1.00,1.00
2016.10.27 14:19:29.315,9.85707,9.85884,1.00,1.00
2016.10.27 14:19:29.401,9.85707,9.85896,1.00,1.00
2016.10.27 14:19:29.452,9.85698,9.85896,1.50,1.00
2016.10.27 14:19:29.655,9.85698,9.85882,1.00,1.00
2016.10.27 14:19:30.128,9.85657,9.85855,1.37,1.00
2016.10.27 14:19:30.179,9.85702,9.85855,1.00,1.00
2016.10.27 14:19:30.483,9.85718,9.85852,1.00,1.00
2016.10.27 14:19:30.585,9.85698,9.85852,1.00,1.00
2016.10.27 14:19:30.636,9.85675,9.85852,1.00,1.00
2016.10.27 14:19:30.687,9.85666,9.85852,1.00,1.00
2016.10.27 14:19:31.482,9.85666,9.85856,1.00,1.00
2016.10.27 14:19:31.689,9.85713,9.85856,1.00,1.00
2016.10.27 14:19:31.741,9.85713,9.85871,1.00,1.00
2016.10.27 14:19:32.130,9.85721,9.85871,1.00,1.00
2016.10.27 14:19:32.688,9.85676,9.85871,1.00,1.00
2016.10.27 14:19:32.790,9.85673,9.85871,1.00,1.00
2016.10.27 14:19:33.223,9.85718,9.85871,1.00,1.00
2016.10.27 14:19:34.755,9.85709,9.85867,1.00,1.00
2016.10.27 14:19:34.857,9.85688,9.85861,1.00,1.00
2016.10.27 14:19:35.409,9.85645,9.85841,1.00,1.00
2016.10.27 14:19:35.955,9.85647,9.85845,1.00,1.00
2016.10.27 14:19:36.057,9.85665,9.85853,1.00,1.00
2016.10.27 14:19:36.158,9.85651,9.85849,1.00,1.00
2016.10.27 14:19:36.721,9.85651,9.85845,1.00,1.00
2016.10.27 14:19:37.800,9.85601,9.85809,1.00,1.00
2016.10.27 14:19:38.104,9.85593,9.85801,1.00,1.00
2016.10.27 14:19:38.833,9.85593,9.85794,1.00,1.00
2016.10.27 14:19:40.221,9.85585,9.85793,1.00,1.00
2016.10.27 14:19:40.697,9.85577,9.85785,1.00,1.00
2016.10.27 14:19:43.609,9.85578,9.85785,1.00,1.00
2016.10.27 14:19:43.660,9.85585,9.85793,1.00,1.50
2016.10.27 14:19:45.299,9.85579,9.85787,1.00,1.00
2016.10.27 14:19:45.618,9.85603,9.85787,1.00,1.00
2016.10.27 14:19:46.446,9.85603,9.85805,1.00,1.00
2016.10.27 14:19:46.497,9.85632,9.85808,1.00,1.00
2016.10.27 14:19:47.104,9.85632,9.85817,1.00,1.00
2016.10.27 14:19:47.205,9.85632,9.85808,1.00,1.00
2016.10.27 14:19:47.608,9.85643,9.85808,1.00,1.00
2016.10.27 14:19:47.725,9.85643,9.85821,1.00,1.00
2016.10.27 14:19:50.421,9.85643,9.85808,1.00,1.00
2016.10.27 14:19:50.624,9.85643,9.85821,1.00,1.00
2016.10.27 14:19:50.827,9.85643,9.85812,1.00,1.00
2016.10.27 14:19:50.929,9.85643,9.85822,1.00,1.00
2016.10.27 14:19:51.031,9.85643,9.85812,1.00,1.00
2016.10.27 14:19:51.805,9.85604,9.85802,1.00,1.00
2016.10.27 14:19:51.906,9.85597,9.85802,1.00,1.00
2016.10.27 14:19:52.008,9.8559,9.85794,1.00,1.00
2016.10.27 14:19:52.333,9.8559,9.85786,1.00,1.00
2016.10.27 14:19:52.948,9.8559,9.85797,1.00,1.00
2016.10.27 14:19:53.050,9.8559,9.85787,1.00,1.00
2016.10.27 14:19:53.253,9.8559,9.85794,1.00,1.00
2016.10.27 14:19:53.649,9.85632,9.85811,1.00,1.00
2016.10.27 14:19:54.260,9.85632,9.8582,1.00,1.00
2016.10.27 14:19:54.311,9.85632,9.85812,1.00,1.00
2016.10.27 14:19:54.938,9.85604,9.85798,1.00,1.00
2016.10.27 14:19:55.040,9.85637,9.85803,1.00,1.60
2016.10.27 14:19:55.143,9.85607,9.85815,1.00,2.10
2016.10.27 14:19:55.194,9.85607,9.85813,1.00,1.35
2016.10.27 14:19:55.245,9.85575,9.85783,1.00,1.60
2016.10.27 14:19:55.297,9.85575,9.85783,1.00,1.60
2016.10.27 14:19:55.787,9.85566,9.85765,1.50,1.00
2016.10.27 14:19:55.839,9.85567,9.85777,1.00,1.00
2016.10.27 14:19:55.941,9.85592,9.858,1.50,1.00
2016.10.27 14:19:56.246,9.85633,9.85808,1.00,1.00
2016.10.27 14:19:56.588,9.85637,9.85808,1.00,1.00
2016.10.27 14:19:56.642,9.8564,9.85835,1.00,1.00
2016.10.27 14:19:57.064,9.85658,9.85835,1.00,1.00
2016.10.27 14:19:57.267,9.85637,9.85826,1.00,1.00
2016.10.27 14:19:57.318,9.85637,9.85819,1.00,1.00
2016.10.27 14:19:57.622,9.85643,9.85819,1.00,1.00
2016.10.27 14:19:58.834,9.85641,9.85819,1.00,1.00
2016.10.27 14:20:01.103,9.85643,9.85819,1.00,1.00
2016.10.27 14:20:03.433,9.85611,9.85819,1.00,1.00
2016.10.27 14:20:05.563,9.85607,9.85815,1.00,1.00
2016.10.27 14:20:08.540,9.85609,9.85815,1.00,1.00
2016.10.27 14:20:11.015,9.85621,9.85815,1.00,1.12
2016.10.27 14:20:11.319,9.85621,9.85806,1.00,1.04
2016.10.27 14:20:12.844,9.85611,9.85806,1.00,1.00
2016.10.27 14:20:15.781,9.85613,9.85806,1.00,1.00
2016.10.27 14:20:17.496,9.85615,9.85806,1.00,1.00
2016.10.27 14:20:19.301,9.8563,9.85838,1.00,1.37
2016.10.27 14:20:19.724,9.8563,9.85826,1.00,1.00
2016.10.27 14:20:21.588,9.8563,9.85812,1.00,1.37
2016.10.27 14:20:22.866,9.8563,9.85812,1.00,1.00
2016.10.27 14:20:22.968,9.8563,9.85832,1.00,1.00
2016.10.27 14:20:24.689,9.8563,9.85814,1.00,1.00
2016.10.27 14:20:24.791,9.8563,9.85834,1.00,1.00
2016.10.27 14:20:25.338,9.8562,9.85834,1.00,1.00
2016.10.27 14:20:28.176,9.8562,9.85829,1.00,1.00
2016.10.27 14:20:29.068,9.8562,9.85834,1.00,1.00
2016.10.27 14:20:29.402,9.8562,9.85739,1.00,1.00
2016.10.27 14:20:30.811,9.856,9.85691,1.00,1.00
2016.10.27 14:20:30.862,9.85595,9.85691,1.00,1.00
2016.10.27 14:20:31.820,9.85589,9.85691,1.00,1.00
2016.10.27 14:20:32.886,9.85605,9.85726,1.00,1.00
2016.10.27 14:20:32.937,9.85631,9.85726,1.00,1.00
2016.10.27 14:20:33.342,9.85629,9.85801,1.00,1.64
2016.10.27 14:20:33.646,9.85633,9.85801,1.00,1.64
2016.10.27 14:20:34.515,9.85634,9.85801,1.00,1.64
2016.10.27 14:20:35.802,9.85634,9.85803,1.00,1.07
2016.10.27 14:20:37.021,9.8564,9.85814,1.00,1.07
2016.10.27 14:20:37.072,9.8563,9.85814,1.00,1.07
2016.10.27 14:20:37.174,9.85639,9.85814,1.00,1.07
2016.10.27 14:20:37.376,9.8563,9.85814,1.00,1.07
2016.10.27 14:20:37.432,9.85638,9.85814,1.00,1.07
2016.10.27 14:20:37.636,9.85629,9.85814,1.00,1.07
2016.10.27 14:20:38.155,9.8563,9.85814,1.00,1.07
2016.10.27 14:20:39.162,9.8564,9.85808,1.00,1.07
2016.10.27 14:20:39.264,9.8563,9.85808,1.00,1.07
2016.10.27 14:20:39.468,9.85638,9.85808,1.00,1.07
2016.10.27 14:20:39.569,9.8563,9.85808,1.00,1.07
2016.10.27 14:20:39.671,9.85638,9.85808,1.00,1.07
2016.10.27 14:20:39.773,9.8563,9.85808,1.00,1.07
2016.10.27 14:20:40.572,9.85639,9.85809,1.00,1.07
2016.10.27 14:20:40.674,9.85631,9.85809,1.00,1.07
2016.10.27 14:20:41.686,9.85627,9.85811,1.00,1.07
2016.10.27 14:20:41.787,9.85641,9.85828,1.00,1.07
2016.10.27 14:20:41.889,9.85631,9.85828,1.00,1.07
2016.10.27 14:20:41.990,9.85641,9.85828,1.00,1.07
2016.10.27 14:20:42.092,9.85629,9.85828,1.00,1.07
2016.10.27 14:20:42.719,9.85628,9.85809,1.00,1.07
2016.10.27 14:20:42.973,9.85637,9.85809,1.00,1.07
2016.10.27 14:20:43.074,9.85628,9.85809,1.00,1.07
2016.10.27 14:20:43.277,9.85636,9.85809,1.00,1.07
2016.10.27 14:20:43.583,9.85627,9.85809,1.00,1.07
2016.10.27 14:20:44.330,9.85626,9.85809,1.00,1.07
2016.10.27 14:20:44.405,9.85638,9.85809,1.00,1.07
2016.10.27 14:20:44.659,9.85628,9.85809,1.00,1.07
2016.10.27 14:20:44.761,9.85637,9.85809,1.00,1.07
2016.10.27 14:20:44.862,9.85627,9.85809,1.00,1.07
2016.10.27 14:20:44.964,9.85638,9.85809,1.00,1.07
2016.10.27 14:20:45.096,9.85626,9.85809,1.00,1.07
2016.10.27 14:20:45.198,9.85639,9.85809,1.00,1.07
2016.10.27 14:20:45.300,9.85626,9.85809,1.00,1.07
2016.10.27 14:20:45.634,9.85631,9.85809,1.00,1.07
2016.10.27 14:20:47.475,9.8564,9.85809,1.00,1.07
2016.10.27 14:20:50.202,9.85646,9.8583,1.00,1.57
2016.10.27 14:20:50.305,9.85615,9.85821,1.00,1.07
2016.10.27 14:20:54.110,9.85616,9.8582,1.00,1.07
2016.10.27 14:20:57.034,9.85616,9.8582,1.00,1.07
2016.10.27 14:20:58.184,9.85616,9.8582,1.00,1.00
2016.10.27 14:20:59.431,9.85619,9.85818,1.00,1.60
2016.10.27 14:20:59.534,9.85594,9.85802,1.00,1.00
2016.10.27 14:21:00.341,9.85626,9.85802,1.00,1.00
2016.10.27 14:21:00.671,9.85646,9.85822,1.00,1.00
2016.10.27 14:21:00.975,9.85662,9.85808,1.00,1.00
2016.10.27 14:21:01.077,9.85666,9.85839,1.00,1.00
2016.10.27 14:21:01.413,9.85666,9.85811,1.00,1.00
2016.10.27 14:21:01.466,9.85614,9.85811,1.00,1.00
2016.10.27 14:21:01.840,9.85631,9.85822,1.00,1.00
2016.10.27 14:21:02.875,9.85633,9.85822,1.00,1.00
2016.10.27 14:21:05.417,9.85633,9.85824,1.00,1.00
2016.10.27 14:21:11.080,9.85616,9.85811,1.00,1.00
2016.10.27 14:21:11.181,9.85613,9.85811,1.00,1.00
2016.10.27 14:21:11.283,9.85652,9.85812,1.00,1.00
2016.10.27 14:21:11.628,9.85662,9.85812,1.00,1.00
2016.10.27 14:21:12.051,9.85662,9.8582,1.00,1.00
2016.10.27 14:21:12.102,9.85602,9.8581,1.00,1.00
2016.10.27 14:21:13.991,9.85612,9.8581,1.00,1.50
2016.10.27 14:21:14.537,9.85612,9.85809,1.00,1.00
2016.10.27 14:21:15.477,9.85612,9.858,1.00,1.00
2016.10.27 14:21:15.579,9.85612,9.8581,1.00,1.00
2016.10.27 14:21:15.919,9.85605,9.85811,1.00,1.00
2016.10.27 14:21:20.097,9.85605,9.8581,1.00,1.00
2016.10.27 14:21:20.264,9.85615,9.85819,1.00,1.00
2016.10.27 14:21:20.568,9.85606,9.85814,1.00,1.00
2016.10.27 14:21:21.112,9.85609,9.85806,1.00,1.00
2016.10.27 14:21:21.313,9.85609,9.85817,1.00,1.00
2016.10.27 14:21:21.465,9.85617,9.85819,1.00,1.00
2016.10.27 14:21:21.907,9.85606,9.85814,1.00,1.00
2016.10.27 14:21:22.381,9.85616,9.85819,1.00,1.00
2016.10.27 14:21:22.823,9.85616,9.85816,1.00,1.00
2016.10.27 14:21:23.124,9.85624,9.85816,1.00,1.00
2016.10.27 14:21:24.216,9.85624,9.85815,1.00,1.00
2016.10.27 14:21:24.369,9.85614,9.85815,1.00,1.00
2016.10.27 14:21:24.471,9.85622,9.85815,1.00,1.00
2016.10.27 14:21:25.331,9.8564,9.85815,1.00,1.00
2016.10.27 14:21:28.286,9.8564,9.8581,1.00,1.00
2016.10.27 14:21:34.951,9.8564,9.85811,1.00,1.50
2016.10.27 14:21:36.524,9.8564,9.85796,1.00,1.00
2016.10.27 14:21:41.041,9.85625,9.85796,1.00,1.00
2016.10.27 14:21:45.967,9.85625,9.85794,1.00,1.00
2016.10.27 14:21:48.962,9.85614,9.85794,1.00,1.00
2016.10.27 14:21:50.291,9.85626,9.85794,1.00,1.00
2016.10.27 14:21:50.494,9.85617,9.85794,1.00,1.00
2016.10.27 14:21:57.424,9.85617,9.85816,1.00,1.00
2016.10.27 14:21:57.475,9.85648,9.85816,1.00,1.00
2016.10.27 14:21:57.629,9.85627,9.85816,1.00,1.00
2016.10.27 14:21:58.881,9.85647,9.85816,1.00,1.00
2016.10.27 14:21:59.186,9.85674,9.85836,1.00,1.00
2016.10.27 14:21:59.524,9.85623,9.85812,1.00,1.00
2016.10.27 14:22:00.880,9.85623,9.85809,1.00,1.00
2016.10.27 14:22:02.589,9.85602,9.85803,1.00,1.60
2016.10.27 14:22:02.640,9.85596,9.85786,1.00,1.00
2016.10.27 14:22:02.691,9.85587,9.85786,1.00,1.00
2016.10.27 14:22:03.194,9.85617,9.85786,1.00,1.00
2016.10.27 14:22:03.245,9.85617,9.85798,1.00,1.22
2016.10.27 14:22:03.296,9.85617,9.85798,1.00,1.00
2016.10.27 14:22:03.347,9.85617,9.85811,1.00,1.00
2016.10.27 14:22:03.448,9.85622,9.85815,1.00,1.00
2016.10.27 14:22:04.227,9.85622,9.85818,1.00,1.00
2016.10.27 14:22:05.340,9.85627,9.85818,1.00,1.00
2016.10.27 14:22:06.957,9.85627,9.85809,1.00,1.00
2016.10.27 14:22:08.697,9.85627,9.85807,1.00,1.00
2016.10.27 14:22:15.380,9.85636,9.85807,1.00,1.00
2016.10.27 14:22:16.716,9.85636,9.85822,1.00,1.00
2016.10.27 14:22:23.784,9.85636,9.85809,1.00,1.00
2016.10.27 14:22:25.366,9.85633,9.85809,1.00,1.00
2016.10.27 14:22:25.623,9.85641,9.85809,1.00,1.00
2016.10.27 14:22:25.724,9.8563,9.85809,1.00,1.00
2016.10.27 14:22:25.992,9.8563,9.85817,1.00,1.00
2016.10.27 14:22:26.826,9.8563,9.85829,1.00,1.00
2016.10.27 14:22:26.985,9.8563,9.85817,1.00,1.00
2016.10.27 14:22:27.289,9.8564,9.85817,1.00,1.00
2016.10.27 14:22:27.391,9.8564,9.85835,1.00,1.00
2016.10.27 14:22:28.748,9.85649,9.85821,1.00,1.00
2016.10.27 14:22:29.590,9.85641,9.85821,1.00,1.00
2016.10.27 14:22:29.844,9.85651,9.85821,1.00,1.00
2016.10.27 14:22:30.584,9.85632,9.85821,1.00,1.00
2016.10.27 14:22:30.648,9.85641,9.85821,1.00,1.00
2016.10.27 14:22:30.699,9.85641,9.8583,1.00,1.00
2016.10.27 14:22:31.740,9.85641,9.85821,1.00,1.00
2016.10.27 14:22:32.248,9.85649,9.85821,1.00,1.00
2016.10.27 14:22:35.675,9.85641,9.85822,1.00,1.00
2016.10.27 14:22:35.878,9.8565,9.85822,1.00,1.00
2016.10.27 14:22:36.327,9.8564,9.85822,1.00,1.00
2016.10.27 14:22:36.569,9.85651,9.85822,1.00,1.00
2016.10.27 14:22:37.754,9.85616,9.85812,1.00,1.00
2016.10.27 14:22:37.818,9.8562,9.8582,1.00,1.00
2016.10.27 14:22:37.869,9.8564,9.85821,1.00,1.00
2016.10.27 14:22:38.726,9.8564,9.85819,1.00,1.00
2016.10.27 14:22:38.828,9.8564,9.85829,1.00,1.00
2016.10.27 14:22:38.981,9.85631,9.85829,1.00,1.00
2016.10.27 14:22:46.034,9.85631,9.85817,1.00,1.00
2016.10.27 14:22:53.519,9.85624,9.85817,1.00,1.00
2016.10.27 14:22:53.813,9.85624,9.85812,1.00,1.00
2016.10.27 14:22:58.245,9.85632,9.85811,1.00,1.00
2016.10.27 14:22:58.557,9.8564,9.85811,1.00,1.00
2016.10.27 14:22:58.659,9.8563,9.85811,1.00,1.00
2016.10.27 14:22:59.726,9.85642,9.85811,1.00,1.00
2016.10.27 14:22:59.828,9.85642,9.85828,1.00,1.00
2016.10.27 14:23:00.861,9.85631,9.85828,1.00,1.00
2016.10.27 14:23:01.815,9.85644,9.85816,1.00,1.00
2016.10.27 14:23:02.372,9.85652,9.85816,1.00,1.00
2016.10.27 14:23:03.037,9.85643,9.85816,1.00,1.00
2016.10.27 14:23:05.504,9.85646,9.85816,1.00,1.00
2016.10.27 14:23:09.007,9.85646,9.85834,1.00,1.00
2016.10.27 14:23:10.365,9.85638,9.85834,1.00,1.00
2016.10.27 14:23:16.205,9.85638,9.85831,1.00,1.00
2016.10.27 14:23:16.763,9.85638,9.8582,1.00,1.00
2016.10.27 14:23:18.645,9.85635,9.8582,1.00,1.00
2016.10.27 14:23:19.756,9.85635,9.85811,1.00,1.00
2016.10.27 14:23:19.859,9.85635,9.85817,1.00,1.00
2016.10.27 14:23:19.961,9.85624,9.85817,1.00,1.00
2016.10.27 14:23:20.013,9.85624,9.85808,1.00,1.00
2016.10.27 14:23:20.114,9.85624,9.85819,1.00,1.00
2016.10.27 14:23:20.674,9.85624,9.85806,1.00,1.00
2016.10.27 14:23:20.726,9.85612,9.85806,1.00,1.00
2016.10.27 14:23:20.880,9.85615,9.85806,1.00,1.00
2016.10.27 14:23:21.183,9.85615,9.85798,1.00,1.00
2016.10.27 14:23:21.693,9.85615,9.85809,1.00,1.00
2016.10.27 14:23:22.124,9.85615,9.85796,1.00,1.00
2016.10.27 14:23:24.707,9.85615,9.85807,1.00,1.00
2016.10.27 14:23:24.809,9.85615,9.85807,1.60,1.00
2016.10.27 14:23:24.910,9.85673,9.85868,1.00,1.37
2016.10.27 14:23:24.961,9.85673,9.85868,1.60,1.37
2016.10.27 14:23:25.113,9.85711,9.85894,1.00,1.00
2016.10.27 14:23:25.165,9.85711,9.85909,1.00,1.00
2016.10.27 14:23:25.216,9.85711,9.85893,1.00,1.00
2016.10.27 14:23:25.521,9.85678,9.85862,1.00,1.00
2016.10.27 14:23:25.936,9.8566,9.85852,1.00,1.00
2016.10.27 14:23:26.644,9.85676,9.85852,1.00,1.50
2016.10.27 14:23:27.259,9.85683,9.85842,1.00,1.00
2016.10.27 14:23:27.310,9.85662,9.85842,1.00,1.00
2016.10.27 14:23:27.462,9.85674,9.85842,1.00,1.00
2016.10.27 14:23:27.766,9.85703,9.85842,1.00,1.00
2016.10.27 14:23:28.787,9.85684,9.85842,1.00,1.00
2016.10.27 14:23:28.859,9.85662,9.85842,1.00,1.00
2016.10.27 14:23:29.986,9.85662,9.85829,1.00,1.00
2016.10.27 14:23:30.038,9.85626,9.85829,1.00,1.00
2016.10.27 14:23:30.342,9.8563,9.85838,1.00,1.00
2016.10.27 14:23:30.395,9.85635,9.85838,1.00,1.00
2016.10.27 14:23:31.389,9.85636,9.85834,1.00,1.00
2016.10.27 14:23:31.490,9.85635,9.85838,1.00,1.00
2016.10.27 14:23:32.586,9.85636,9.85834,1.00,1.00
2016.10.27 14:23:33.456,9.85635,9.85838,1.00,1.00
2016.10.27 14:23:35.313,9.85642,9.85838,1.00,1.00
2016.10.27 14:23:35.617,9.85635,9.85822,1.00,1.00
2016.10.27 14:23:36.424,9.85636,9.85822,1.00,1.00
2016.10.27 14:23:39.088,9.85635,9.85822,1.00,1.00
2016.10.27 14:23:45.454,9.85635,9.85824,1.00,1.00
2016.10.27 14:24:05.358,9.85635,9.85826,1.00,1.00
2016.10.27 14:24:07.138,9.85635,9.8582,1.00,1.00
2016.10.27 14:24:09.430,9.85635,9.85826,1.00,1.00
2016.10.27 14:24:09.531,9.85635,9.85817,1.00,1.00
2016.10.27 14:24:10.158,9.85635,9.85826,1.00,1.00
2016.10.27 14:24:10.259,9.85628,9.85826,1.00,1.00
2016.10.27 14:24:10.361,9.85628,9.85817,1.00,1.00
2016.10.27 14:24:10.784,9.85637,9.85826,1.00,1.00
2016.10.27 14:24:15.871,9.85637,9.85821,1.00,1.00
2016.10.27 14:24:15.923,9.85618,9.85816,1.00,1.00
2016.10.27 14:24:15.974,9.85618,9.85813,1.00,1.00
2016.10.27 14:24:16.444,9.8563,9.85805,1.00,1.00
2016.10.27 14:24:16.495,9.8563,9.85819,1.00,1.00
2016.10.27 14:24:16.596,9.8563,9.85812,1.00,1.00
2016.10.27 14:24:24.012,9.85629,9.85812,1.00,1.00
2016.10.27 14:24:25.367,9.85629,9.85819,1.00,1.00
2016.10.27 14:24:25.519,9.85629,9.8581,1.00,1.00
2016.10.27 14:24:26.568,9.85629,9.85819,1.00,1.00
2016.10.27 14:24:28.554,9.85611,9.85819,1.00,1.35
2016.10.27 14:24:28.606,9.85611,9.85809,1.00,1.60
2016.10.27 14:24:28.758,9.85541,9.85739,1.00,1.00
2016.10.27 14:24:28.809,9.85541,9.85731,1.00,1.00
2016.10.27 14:24:29.375,9.85558,9.85705,1.00,1.00
2016.10.27 14:24:29.743,9.8548,9.85666,1.00,1.00
2016.10.27 14:24:30.148,9.85469,9.85656,1.00,1.00
2016.10.27 14:24:30.250,9.85469,9.85647,1.00,1.00
2016.10.27 14:24:30.555,9.85459,9.85639,1.00,1.00
2016.10.27 14:24:30.758,9.85459,9.8565,1.00,1.00
2016.10.27 14:24:31.171,9.8547,9.85658,1.00,1.00
2016.10.27 14:24:31.529,9.85479,9.85658,1.00,1.00
2016.10.27 14:24:32.137,9.85468,9.85658,1.00,1.00
2016.10.27 14:24:35.361,9.85468,9.85666,1.00,1.00
2016.10.27 14:24:35.786,9.85479,9.85667,1.00,1.00
2016.10.27 14:24:38.376,9.8548,9.85667,1.00,1.00
2016.10.27 14:24:39.186,9.8547,9.85667,1.00,1.00
2016.10.27 14:24:39.288,9.8548,9.85667,1.00,1.00
2016.10.27 14:24:41.465,9.85503,9.85688,1.00,1.00
2016.10.27 14:24:41.567,9.85521,9.85719,1.00,1.00
2016.10.27 14:24:41.669,9.85536,9.85719,1.00,1.00
2016.10.27 14:24:41.876,9.85525,9.85719,1.00,1.00
2016.10.27 14:24:42.886,9.85529,9.85719,1.00,1.00
2016.10.27 14:24:43.889,9.85525,9.85719,1.00,1.00
2016.10.27 14:24:43.991,9.85513,9.85707,1.00,1.00
2016.10.27 14:24:44.336,9.85513,9.85699,1.00,1.00
2016.10.27 14:24:45.784,9.85513,9.85702,1.00,1.00
2016.10.27 14:24:46.260,9.8551,9.85702,1.00,1.00
2016.10.27 14:24:47.290,9.85508,9.85694,1.00,1.00
2016.10.27 14:24:47.392,9.85502,9.8569,1.00,1.00
2016.10.27 14:24:47.886,9.85509,9.85694,1.00,1.00
2016.10.27 14:24:47.937,9.85509,9.85702,1.00,1.00
2016.10.27 14:24:48.142,9.85509,9.85702,1.00,1.60
2016.10.27 14:24:48.193,9.8548,9.85676,1.00,1.00
2016.10.27 14:24:48.295,9.85478,9.85676,1.00,1.00
2016.10.27 14:24:48.664,9.85478,9.85668,1.00,1.00
2016.10.27 14:24:48.919,9.85462,9.85659,1.00,1.00
2016.10.27 14:24:49.965,9.85461,9.85659,1.00,1.00
2016.10.27 14:24:54.029,9.85461,9.85649,1.00,1.00
2016.10.27 14:24:54.333,9.85493,9.85663,1.00,1.00
2016.10.27 14:24:55.364,9.85471,9.85653,1.00,1.00
2016.10.27 14:24:57.592,9.8547,9.85653,1.00,1.00
2016.10.27 14:24:57.693,9.85488,9.85653,1.00,1.00
2016.10.27 14:24:57.745,9.85488,9.85661,1.00,1.00
2016.10.27 14:24:57.846,9.85507,9.85714,1.00,1.00
2016.10.27 14:24:57.897,9.85507,9.8569,1.00,1.00
2016.10.27 14:24:57.948,9.85486,9.8567,1.00,1.00
2016.10.27 14:24:58.392,9.855,9.8567,1.00,1.00
2016.10.27 14:24:58.646,9.85529,9.85714,1.00,1.00
2016.10.27 14:24:58.849,9.85519,9.85714,1.00,1.00
2016.10.27 14:24:59.153,9.85527,9.85714,1.00,1.00
2016.10.27 14:24:59.542,9.85528,9.85726,1.00,1.00
2016.10.27 14:24:59.699,9.85528,9.85708,1.00,1.00
2016.10.27 14:24:59.752,9.855,9.85685,1.00,1.00
2016.10.27 14:25:00.189,9.85489,9.85685,1.00,1.00
2016.10.27 14:25:00.292,9.85489,9.85679,1.00,1.00
2016.10.27 14:25:00.343,9.85485,9.85679,1.00,1.00
2016.10.27 14:25:00.686,9.8548,9.85663,1.00,1.00
2016.10.27 14:25:00.738,9.85451,9.85644,1.00,1.35
2016.10.27 14:25:00.789,9.85451,9.85633,1.00,1.00
2016.10.27 14:25:01.095,9.85451,9.85625,1.00,1.00
2016.10.27 14:25:01.400,9.85474,9.85629,1.00,1.00
2016.10.27 14:25:01.448,9.85452,9.85629,1.00,1.00
2016.10.27 14:25:02.340,9.85455,9.85629,1.00,1.00
2016.10.27 14:25:02.885,9.85455,9.85637,1.00,1.00
2016.10.27 14:25:02.947,9.85458,9.85637,1.00,1.00
2016.10.27 14:25:05.372,9.85458,9.85643,1.00,1.00
2016.10.27 14:25:06.336,9.85455,9.85643,1.00,1.00
2016.10.27 14:25:07.604,9.85469,9.85655,1.00,1.00
2016.10.27 14:25:09.159,9.85459,9.85655,1.50,1.00
2016.10.27 14:25:14.876,9.85461,9.85659,1.00,1.00
2016.10.27 14:25:15.182,9.85464,9.85665,1.00,1.00
2016.10.27 14:25:16.377,9.85466,9.85665,1.00,1.00
2016.10.27 14:25:23.866,9.85473,9.85665,1.00,1.00
2016.10.27 14:25:24.808,9.85469,9.85665,1.00,1.00
2016.10.27 14:25:30.397,9.85469,9.85664,1.00,1.00
2016.10.27 14:25:31.428,9.85471,9.85664,1.00,1.00
2016.10.27 14:25:35.720,9.85467,9.85664,1.00,1.00
2016.10.27 14:25:39.133,9.85471,9.85664,1.00,1.00
2016.10.27 14:25:41.578,9.85463,9.85664,1.00,1.00
2016.10.27 14:25:41.651,9.85463,9.85653,1.00,1.00
2016.10.27 14:25:41.905,9.85463,9.85661,1.00,1.00
2016.10.27 14:25:43.342,9.85469,9.85661,1.00,1.00
2016.10.27 14:25:43.866,9.85469,9.85649,1.00,1.00
2016.10.27 14:25:44.325,9.85461,9.85649,1.00,1.00
2016.10.27 14:25:45.365,9.85461,9.85652,1.00,1.00
2016.10.27 14:25:46.331,9.85459,9.85652,1.00,1.00
2016.10.27 14:25:50.943,9.85488,9.85673,1.00,1.00
2016.10.27 14:25:51.486,9.85477,9.85652,1.00,1.00
2016.10.27 14:25:51.538,9.85464,9.85652,1.00,1.00
2016.10.27 14:25:53.336,9.85484,9.85662,1.00,1.00
2016.10.27 14:25:53.540,9.85472,9.85662,1.00,1.00
2016.10.27 14:25:53.591,9.85464,9.85662,1.00,1.00
2016.10.27 14:25:53.642,9.85464,9.85649,1.00,1.00
2016.10.27 14:25:54.441,9.85459,9.85649,1.00,1.00
2016.10.27 14:25:55.636,9.85459,9.8564,1.00,1.00
2016.10.27 14:25:56.014,9.85454,9.8564,1.00,1.00
2016.10.27 14:25:56.547,9.85476,9.8566,1.00,1.00
2016.10.27 14:25:56.750,9.85466,9.85658,1.00,1.00
2016.10.27 14:25:56.801,9.8546,9.85658,1.00,1.00
2016.10.27 14:25:56.851,9.8546,9.8565,1.00,1.00
2016.10.27 14:25:57.471,9.8546,9.85642,1.00,1.00
2016.10.27 14:25:57.522,9.85453,9.85642,1.00,1.00
2016.10.27 14:26:00.724,9.85453,9.85624,1.00,1.00
2016.10.27 14:26:01.055,9.85406,9.85565,1.00,1.00
2016.10.27 14:26:01.106,9.85384,9.85565,1.00,1.00
2016.10.27 14:26:01.158,9.85384,9.85558,1.00,1.00
2016.10.27 14:26:01.462,9.85384,9.85517,1.00,1.00
2016.10.27 14:26:01.808,9.85384,9.85482,1.00,1.00
2016.10.27 14:26:01.859,9.85317,9.85482,1.00,1.00
2016.10.27 14:26:02.063,9.85317,9.85513,1.00,1.00
2016.10.27 14:26:02.116,9.85305,9.85497,1.00,1.00
2016.10.27 14:26:02.420,9.85304,9.85476,1.00,1.00
2016.10.27 14:26:02.674,9.85306,9.85502,1.00,1.00
2016.10.27 14:26:02.725,9.85316,9.85514,1.00,1.00
2016.10.27 14:26:03.236,9.85304,9.85485,1.00,1.00
2016.10.27 14:26:03.688,9.8531,9.85502,1.00,1.00
2016.10.27 14:26:03.739,9.85314,9.85512,1.00,1.00
2016.10.27 14:26:03.790,9.85318,9.85512,1.00,1.00
2016.10.27 14:26:03.942,9.85324,9.85524,1.00,1.00
2016.10.27 14:26:04.323,9.85327,9.85524,1.00,1.00
2016.10.27 14:26:04.630,9.85354,9.85537,1.00,1.00
2016.10.27 14:26:07.443,9.85354,9.8555,1.00,1.00
2016.10.27 14:26:07.494,9.85362,9.8555,1.00,1.00
2016.10.27 14:26:07.900,9.85352,9.85534,1.00,1.00
2016.10.27 14:26:08.001,9.85365,9.8555,1.00,1.00
2016.10.27 14:26:08.104,9.85352,9.8555,1.50,1.00
2016.10.27 14:26:08.526,9.85339,9.85516,1.00,1.00
2016.10.27 14:26:08.829,9.85333,9.85516,1.00,1.00
2016.10.27 14:26:08.880,9.85333,9.85524,1.00,1.00
2016.10.27 14:26:09.352,9.85348,9.85524,1.00,1.00
2016.10.27 14:26:14.571,9.85348,9.85532,1.00,1.00
2016.10.27 14:26:16.441,9.85356,9.85532,1.00,1.00
2016.10.27 14:26:17.401,9.85342,9.85532,1.00,1.00
2016.10.27 14:26:17.453,9.85356,9.85532,1.00,1.00
2016.10.27 14:26:17.799,9.8539,9.85532,1.00,1.00
2016.10.27 14:26:17.851,9.8541,9.85567,1.00,1.00
2016.10.27 14:26:18.003,9.85379,9.85567,1.00,1.00
2016.10.27 14:26:18.358,9.85379,9.85554,1.00,1.00
2016.10.27 14:26:20.669,9.85379,9.85516,1.00,1.00
2016.10.27 14:26:20.720,9.85342,9.85516,1.00,1.00
2016.10.27 14:26:20.771,9.85342,9.85493,1.00,1.00
2016.10.27 14:26:20.822,9.85319,9.85493,1.00,1.00
2016.10.27 14:26:20.874,9.85311,9.85493,1.00,1.00
2016.10.27 14:26:20.930,9.85322,9.85493,1.00,1.00
2016.10.27 14:26:21.234,9.85342,9.85493,1.00,1.00
2016.10.27 14:26:22.135,9.85342,9.85515,1.00,1.00
2016.10.27 14:26:22.389,9.85342,9.85509,1.00,1.34
2016.10.27 14:26:22.695,9.85342,9.85508,1.00,1.00
2016.10.27 14:26:23.560,9.85342,9.85518,1.00,1.00
2016.10.27 14:26:24.716,9.85342,9.85514,1.00,1.00
2016.10.27 14:26:25.340,9.85334,9.85514,1.00,1.00
2016.10.27 14:26:25.946,9.85334,9.8549,1.00,1.60
2016.10.27 14:26:26.048,9.85293,9.85466,1.00,1.00
2016.10.27 14:26:27.344,9.85293,9.85463,1.00,1.00
2016.10.27 14:26:28.075,9.85293,9.85475,1.00,1.00
2016.10.27 14:26:28.715,9.85301,9.85499,1.00,1.00
2016.10.27 14:26:31.489,9.85304,9.85502,1.00,1.35
2016.10.27 14:26:32.987,9.85293,9.85479,1.00,1.00
2016.10.27 14:26:33.140,9.85293,9.85484,1.00,1.00
2016.10.27 14:26:33.944,9.85297,9.85497,1.00,1.00
2016.10.27 14:26:39.498,9.85305,9.85503,1.00,1.00
2016.10.27 14:26:40.532,9.85305,9.85503,1.00,1.60
2016.10.27 14:26:40.877,9.85293,9.85489,1.00,1.00
2016.10.27 14:26:41.631,9.85302,9.855,1.00,1.00
2016.10.27 14:26:42.777,9.85324,9.855,1.00,1.00
2016.10.27 14:26:45.386,9.85322,9.855,1.00,1.00
2016.10.27 14:26:46.553,9.85322,9.85506,1.00,1.00
2016.10.27 14:26:48.765,9.85322,9.85529,1.00,1.97
2016.10.27 14:26:49.760,9.85322,9.85529,1.00,1.97
2016.10.27 14:26:50.168,9.85322,9.85529,1.00,1.97
2016.10.27 14:26:50.564,9.85322,9.85473,1.00,1.00
2016.10.27 14:26:50.893,9.85322,9.85501,1.00,1.60
2016.10.27 14:26:50.995,9.85322,9.85529,1.00,1.97
2016.10.27 14:26:51.400,9.85322,9.85529,1.00,1.97
2016.10.27 14:26:51.838,9.85322,9.85529,1.00,1.97
2016.10.27 14:26:53.308,9.85322,9.85529,1.00,1.97
2016.10.27 14:26:53.764,9.85322,9.85529,1.00,1.97
2016.10.27 14:27:01.093,9.85322,9.85529,1.00,1.97
2016.10.27 14:27:02.195,9.85322,9.85529,1.00,1.97
2016.10.27 14:27:05.333,9.85327,9.85529,1.00,1.97
2016.10.27 14:27:21.364,9.85327,9.85522,1.00,1.60
2016.10.27 14:27:21.683,9.85327,9.85522,1.00,1.60
2016.10.27 14:27:21.734,9.85327,9.85522,1.00,1.60
2016.10.27 14:27:24.038,9.85327,9.85522,1.00,1.60
2016.10.27 14:27:24.421,9.85327,9.85507,1.00,1.00
2016.10.27 14:27:25.386,9.85319,9.85507,1.00,1.00
2016.10.27 14:27:45.269,9.85317,9.85507,1.00,1.00
2016.10.27 14:27:51.115,9.85317,9.85479,1.00,1.00
2016.10.27 14:27:59.279,9.85317,9.85495,1.00,1.00
2016.10.27 14:27:59.812,9.85316,9.85495,1.00,1.00
2016.10.27 14:27:59.863,9.85354,9.85495,1.00,1.00
2016.10.27 14:28:00.436,9.85335,9.85495,1.00,1.00
2016.10.27 14:28:00.487,9.85327,9.85495,1.00,1.00
2016.10.27 14:28:00.539,9.85312,9.85495,1.00,1.00
2016.10.27 14:28:01.382,9.85314,9.85449,1.00,1.00
2016.10.27 14:28:01.434,9.85303,9.85449,1.00,1.00
2016.10.27 14:28:01.485,9.85294,9.85449,1.00,1.00
2016.10.27 14:28:01.536,9.85292,9.85446,1.00,1.00
2016.10.27 14:28:01.638,9.85253,9.85419,1.00,1.00
2016.10.27 14:28:01.740,9.85233,9.85419,1.00,1.00
2016.10.27 14:28:01.791,9.85232,9.85391,1.00,1.00
2016.10.27 14:28:01.842,9.85221,9.85391,1.00,1.00
2016.10.27 14:28:02.819,9.85221,9.85396,1.00,1.00
2016.10.27 14:28:02.870,9.85221,9.85385,1.00,1.00
2016.10.27 14:28:03.124,9.85212,9.85385,1.00,1.00
2016.10.27 14:28:04.187,9.85228,9.85385,1.00,1.00
2016.10.27 14:28:05.232,9.85204,9.85395,1.00,1.00
2016.10.27 14:28:07.355,9.85203,9.85395,1.00,1.00
2016.10.27 14:28:07.871,9.85203,9.85388,1.00,1.00
2016.10.27 14:28:08.074,9.85203,9.85394,1.00,1.00
2016.10.27 14:28:14.664,9.85203,9.85383,1.00,1.00
2016.10.27 14:28:14.717,9.8521,9.85406,1.00,1.00
2016.10.27 14:28:14.819,9.85221,9.85406,1.00,1.00
2016.10.27 14:28:15.176,9.85208,9.85381,1.00,1.00
2016.10.27 14:28:16.146,9.85208,9.85388,1.00,1.00
2016.10.27 14:28:16.199,9.85208,9.85378,1.00,1.00
2016.10.27 14:28:16.667,9.85202,9.85378,1.00,1.00
2016.10.27 14:28:17.344,9.85201,9.85382,1.00,1.00
2016.10.27 14:28:19.589,9.852,9.85382,1.00,1.00
2016.10.27 14:28:19.640,9.852,9.85395,1.00,1.00
2016.10.27 14:28:19.691,9.85211,9.85403,1.00,1.00
2016.10.27 14:28:20.708,9.85209,9.85403,1.00,1.00
2016.10.27 14:28:23.851,9.85275,9.85403,1.00,1.00
2016.10.27 14:28:23.952,9.853,9.85435,1.00,1.00
2016.10.27 14:28:24.004,9.85276,9.85426,1.00,1.00
2016.10.27 14:28:24.106,9.85276,9.85422,1.00,1.00
2016.10.27 14:28:24.157,9.85228,9.85422,1.00,1.00
2016.10.27 14:28:24.208,9.85239,9.85426,1.00,1.00
2016.10.27 14:28:24.513,9.85275,9.85426,1.00,1.00
2016.10.27 14:28:25.171,9.85278,9.85438,1.00,1.00
2016.10.27 14:28:25.235,9.8526,9.85429,1.00,1.00
2016.10.27 14:28:25.286,9.85238,9.85429,1.00,1.00
2016.10.27 14:28:25.337,9.85238,9.85418,1.00,1.00
2016.10.27 14:28:25.591,9.85209,9.85407,1.00,1.00
2016.10.27 14:28:25.642,9.85209,9.85401,1.00,1.00
2016.10.27 14:28:25.947,9.85209,9.85392,1.00,1.00
2016.10.27 14:28:26.729,9.85216,9.85392,1.00,1.00
2016.10.27 14:28:26.800,9.85207,9.85392,1.00,1.00
2016.10.27 14:28:26.952,9.85207,9.85384,1.00,1.00
2016.10.27 14:28:27.257,9.85207,9.85377,1.00,1.00
2016.10.27 14:28:28.125,9.85199,9.85377,1.00,1.00
2016.10.27 14:28:29.729,9.85199,9.85386,1.00,1.00
2016.10.27 14:28:31.704,9.852,9.85386,1.00,1.00
2016.10.27 14:28:34.867,9.852,9.85394,1.00,1.00
2016.10.27 14:28:34.918,9.85207,9.85394,1.00,1.00
2016.10.27 14:28:35.222,9.85207,9.85384,1.00,1.00
2016.10.27 14:28:35.324,9.85199,9.85384,1.00,1.00
2016.10.27 14:28:37.739,9.85197,9.85384,1.50,1.00
2016.10.27 14:28:41.248,9.85223,9.85384,1.00,1.00
2016.10.27 14:28:41.552,9.85344,9.85457,1.00,1.00
2016.10.27 14:28:41.603,9.85344,9.85542,1.00,1.00
2016.10.27 14:28:41.654,9.85344,9.85515,1.00,1.00
2016.10.27 14:28:41.958,9.85344,9.85506,1.00,1.00
2016.10.27 14:28:42.312,9.85358,9.85506,1.00,1.00
2016.10.27 14:28:42.782,9.85358,9.85514,1.00,1.00
2016.10.27 14:28:43.113,9.85369,9.85514,1.00,1.00
2016.10.27 14:28:43.265,9.85369,9.85522,1.00,1.00
2016.10.27 14:28:46.054,9.85369,9.85525,1.00,1.00
2016.10.27 14:28:46.670,9.85369,9.85517,1.00,1.00
2016.10.27 14:28:46.974,9.85372,9.85517,1.00,1.00
2016.10.27 14:28:51.480,9.85353,9.8547,1.00,1.00
2016.10.27 14:28:51.532,9.85288,9.8547,1.00,1.00
2016.10.27 14:28:51.583,9.85288,9.85458,1.00,1.00
2016.10.27 14:28:51.941,9.85288,9.85446,1.00,1.00
2016.10.27 14:28:52.043,9.85261,9.85446,1.00,1.00
2016.10.27 14:28:52.347,9.85248,9.85446,1.00,1.50
2016.10.27 14:28:52.398,9.85248,9.85438,1.00,1.00
2016.10.27 14:28:52.652,9.85232,9.85428,1.00,1.00
2016.10.27 14:28:52.703,9.85232,9.85419,1.00,1.00
2016.10.27 14:28:53.057,9.85229,9.85419,1.00,1.00
2016.10.27 14:28:53.598,9.85229,9.85411,1.00,1.00
2016.10.27 14:28:53.649,9.85219,9.85411,1.00,1.00
2016.10.27 14:28:53.700,9.85219,9.85401,1.00,1.00
2016.10.27 14:28:54.749,9.85216,9.85401,1.00,1.00
2016.10.27 14:28:54.800,9.85234,9.85414,1.00,1.00
2016.10.27 14:28:54.852,9.85234,9.85424,1.00,1.00
2016.10.27 14:28:54.903,9.85226,9.85408,1.00,1.00
2016.10.27 14:28:55.055,9.85211,9.85399,1.00,1.00
2016.10.27 14:28:55.106,9.85211,9.85387,1.00,1.00
2016.10.27 14:28:55.207,9.85211,9.8539,1.00,1.00
2016.10.27 14:28:55.309,9.85211,9.85399,1.00,1.00
2016.10.27 14:28:55.511,9.85211,9.85407,1.00,1.00
2016.10.27 14:28:55.875,9.85202,9.854,1.50,1.00
2016.10.27 14:29:00.723,9.85202,9.85397,1.00,1.00
2016.10.27 14:29:00.877,9.85282,9.85483,1.00,1.60
2016.10.27 14:29:00.928,9.85262,9.85431,1.00,1.00
2016.10.27 14:29:00.979,9.8525,9.85431,1.00,1.00
2016.10.27 14:29:01.031,9.8525,9.85441,1.00,1.00
2016.10.27 14:29:01.133,9.85273,9.85442,1.00,1.00
2016.10.27 14:29:01.747,9.85303,9.85496,1.00,1.00
2016.10.27 14:29:01.799,9.85303,9.85479,1.00,1.00
2016.10.27 14:29:01.850,9.85295,9.85479,1.00,1.00
2016.10.27 14:29:01.901,9.85273,9.85459,1.00,1.00
2016.10.27 14:29:01.952,9.85262,9.85459,1.00,1.00
2016.10.27 14:29:02.004,9.85296,9.85479,1.00,1.00
2016.10.27 14:29:02.458,9.85299,9.8546,1.00,1.00
2016.10.27 14:29:02.509,9.85295,9.85485,1.00,1.00
2016.10.27 14:29:03.204,9.85262,9.85458,1.00,1.00
2016.10.27 14:29:03.306,9.85257,9.85458,1.00,1.00
2016.10.27 14:29:03.407,9.85293,9.85466,1.00,1.00
2016.10.27 14:29:03.610,9.85301,9.85483,1.00,1.00
2016.10.27 14:29:05.499,9.85298,9.85483,1.00,1.00
2016.10.27 14:29:06.938,9.85308,9.85483,1.00,1.00
2016.10.27 14:29:09.608,9.85308,9.85498,1.00,1.00
2016.10.27 14:29:10.791,9.85308,9.85499,1.00,1.00
2016.10.27 14:29:15.971,9.8532,9.85511,1.00,1.00
2016.10.27 14:29:16.022,9.85324,9.85522,1.00,1.00
2016.10.27 14:29:16.073,9.85341,9.85522,1.00,1.00
2016.10.27 14:29:16.174,9.85324,9.85508,1.00,1.00
2016.10.27 14:29:16.226,9.853,9.85505,1.00,1.00
2016.10.27 14:29:16.277,9.85295,9.85498,1.00,1.00
2016.10.27 14:29:16.429,9.8529,9.85498,1.00,1.35
2016.10.27 14:29:16.481,9.85282,9.8549,1.00,1.00
2016.10.27 14:29:17.376,9.85273,9.85467,1.00,1.00
2016.10.27 14:29:20.907,9.85256,9.85443,1.00,1.00
2016.10.27 14:29:21.211,9.85251,9.85427,1.00,1.00
2016.10.27 14:29:21.263,9.85251,9.85431,1.00,1.00
2016.10.27 14:29:21.824,9.85251,9.85439,1.00,1.00
2016.10.27 14:29:22.229,9.85251,9.85447,1.00,1.00
2016.10.27 14:29:24.544,9.85251,9.85438,1.00,1.00
2016.10.27 14:29:25.303,9.85251,9.85442,1.00,1.00
2016.10.27 14:29:26.661,9.85253,9.85442,1.00,1.00
2016.10.27 14:29:26.712,9.85257,9.85464,1.00,1.00
2016.10.27 14:29:26.814,9.85253,9.85456,1.00,1.00
2016.10.27 14:29:27.118,9.85253,9.85447,1.00,1.00
2016.10.27 14:29:27.372,9.85251,9.85447,1.00,1.00
2016.10.27 14:29:27.755,9.85269,9.8545,1.00,1.00
2016.10.27 14:29:27.806,9.85269,9.85453,1.00,1.00
2016.10.27 14:29:27.907,9.85269,9.85444,1.00,1.00
2016.10.27 14:29:28.060,9.85289,9.85481,1.00,1.00
2016.10.27 14:29:28.111,9.85298,9.85481,1.00,1.00
2016.10.27 14:29:28.736,9.8529,9.85481,1.00,1.00
2016.10.27 14:29:28.828,9.85273,9.85452,1.00,1.00
2016.10.27 14:29:28.981,9.85295,9.85486,1.00,1.00
2016.10.27 14:29:29.083,9.85302,9.85486,1.00,1.00
2016.10.27 14:29:31.494,9.85295,9.85486,1.00,1.00
2016.10.27 14:29:31.833,9.85303,9.85486,1.00,1.00
2016.10.27 14:29:31.884,9.85303,9.85493,1.00,1.00
2016.10.27 14:29:32.902,9.85303,9.8547,1.00,1.00
2016.10.27 14:29:32.953,9.85255,9.8545,1.00,1.00
2016.10.27 14:29:33.484,9.85273,9.8545,1.00,1.00
2016.10.27 14:29:33.980,9.85273,9.85457,1.00,1.00
2016.10.27 14:29:34.031,9.85295,9.85468,1.00,1.00
2016.10.27 14:29:34.184,9.85303,9.85483,1.00,1.00
2016.10.27 14:29:34.234,9.85311,9.85483,1.00,1.00
2016.10.27 14:29:34.437,9.85303,9.85483,1.00,1.00
2016.10.27 14:29:34.741,9.85285,9.85467,1.00,1.00
2016.10.27 14:29:34.792,9.85269,9.85467,1.00,1.50
2016.10.27 14:29:34.843,9.85269,9.85459,1.00,1.00
2016.10.27 14:29:35.190,9.85269,9.85451,1.00,1.00
2016.10.27 14:29:35.498,9.85274,9.85451,1.00,1.00
2016.10.27 14:29:36.724,9.85274,9.85468,1.00,1.00
2016.10.27 14:29:36.838,9.85274,9.8546,1.00,1.00
2016.10.27 14:29:36.940,9.85274,9.85469,1.00,1.00
2016.10.27 14:29:37.289,9.85283,9.85469,1.00,1.00
2016.10.27 14:29:37.492,9.85264,9.85461,1.00,1.00
