2018.05.17 19:00:00.660,10.31399,10.31635,1.37,1.00
2018.05.17 19:00:00.842,10.31407,10.31642,1.37,1.00
2018.05.17 19:00:00.895,10.3143,10.31662,1.37,1.00
2018.05.17 19:00:01.254,10.3143,10.31662,1.37,1.00
2018.05.17 19:00:01.357,10.31446,10.3167,1.37,1.00
2018.05.17 19:00:01.409,10.31462,10.31691,1.37,1.00
2018.05.17 19:00:01.460,10.31462,10.31706,1.37,1.00
2018.05.17 19:00:01.629,10.31447,10.31689,1.87,1.00
2018.05.17 19:00:01.681,10.31463,10.31704,1.37,1.00
2018.05.17 19:00:01.886,10.31464,10.3171,1.75,1.00
2018.05.17 19:00:03.119,10.31476,10.31717,1.37,1.00
2018.05.17 19:00:03.706,10.31488,10.31735,1.37,1.00
2018.05.17 19:00:03.919,10.31497,10.31745,1.75,1.00
2018.05.17 19:00:03.970,10.31497,10.31737,1.75,1.00
2018.05.17 19:00:04.184,10.31497,10.31745,1.75,1.00
2018.05.17 19:00:04.738,10.31497,10.31743,1.75,1.00
2018.05.17 19:00:05.047,10.31497,10.31745,1.75,1.00
2018.05.17 19:00:06.458,10.31497,10.31745,1.75,1.00
2018.05.17 19:00:07.610,10.31497,10.31745,1.75,1.00
2018.05.17 19:00:08.438,10.31507,10.31754,1.00,1.00
2018.05.17 19:00:08.902,10.31507,10.31754,1.37,1.00
2018.05.17 19:00:09.989,10.31507,10.31754,1.37,1.00
2018.05.17 19:00:10.583,10.31507,10.31753,1.37,1.00
2018.05.17 19:00:11.694,10.31507,10.31753,1.37,1.00
2018.05.17 19:00:11.912,10.31502,10.31746,1.37,1.00
2018.05.17 19:00:14.261,10.31498,10.31746,1.75,1.00
2018.05.17 19:00:15.330,10.31501,10.31746,1.37,1.00
2018.05.17 19:00:16.741,10.31501,10.31749,1.37,1.00
2018.05.17 19:00:16.792,10.31501,10.31748,1.37,1.00
2018.05.17 19:00:17.624,10.31501,10.31751,1.37,1.00
2018.05.17 19:00:17.675,10.31503,10.31753,1.37,1.50
2018.05.17 19:00:17.800,10.31501,10.3175,1.37,1.00
2018.05.17 19:00:18.333,10.31501,10.3175,1.37,1.00
2018.05.17 19:00:19.592,10.31501,10.3175,1.37,1.00
2018.05.17 19:00:19.651,10.31501,10.3175,1.00,1.00
2018.05.17 19:00:20.267,10.31501,10.3175,1.37,1.00
2018.05.17 19:00:20.421,10.31483,10.31743,1.75,1.00
2018.05.17 19:00:21.091,10.31483,10.31743,1.75,1.00
2018.05.17 19:00:23.274,10.31499,10.31741,1.00,1.00
2018.05.17 19:00:24.081,10.31483,10.31741,1.75,1.00
2018.05.17 19:00:30.086,10.3151,10.31743,1.00,1.00
2018.05.17 19:00:30.191,10.31466,10.31728,1.75,1.00
2018.05.17 19:00:30.666,10.31472,10.31723,1.75,1.00
2018.05.17 19:00:30.989,10.31478,10.31714,1.75,1.00
2018.05.17 19:00:31.143,10.31481,10.31714,1.37,1.00
2018.05.17 19:00:31.511,10.31481,10.31727,1.37,1.00
2018.05.17 19:00:31.777,10.31484,10.31727,1.00,1.00
2018.05.17 19:00:32.257,10.31489,10.31732,1.00,1.00
2018.05.17 19:00:35.248,10.31493,10.31735,1.00,1.50
2018.05.17 19:00:35.751,10.31494,10.31736,1.37,1.00
2018.05.17 19:00:37.651,10.315,10.31742,1.00,1.00
2018.05.17 19:00:38.535,10.315,10.31746,1.00,1.00
2018.05.17 19:00:46.741,10.315,10.31744,1.00,1.00
2018.05.17 19:00:50.155,10.31495,10.31738,1.37,1.00
2018.05.17 19:01:00.770,10.3149,10.31725,1.37,1.00
2018.05.17 19:01:00.925,10.31479,10.31716,1.37,1.00
2018.05.17 19:01:10.113,10.31483,10.31716,1.00,1.00
2018.05.17 19:01:10.165,10.31487,10.31727,1.00,1.00
2018.05.17 19:01:10.217,10.31484,10.31727,1.00,1.00
2018.05.17 19:01:10.269,10.31496,10.31734,1.00,1.00
2018.05.17 19:01:10.474,10.31484,10.31728,1.00,1.00
2018.05.17 19:01:11.004,10.31495,10.31734,1.00,1.00
2018.05.17 19:01:11.218,10.31485,10.31727,1.00,1.00
2018.05.17 19:01:11.269,10.31485,10.3172,1.00,1.00
2018.05.17 19:01:11.681,10.31474,10.3172,1.37,1.00
2018.05.17 19:01:12.427,10.31471,10.31719,1.37,1.00
2018.05.17 19:01:16.248,10.31463,10.31709,1.37,1.00
2018.05.17 19:01:19.389,10.31461,10.31709,1.37,1.50
2018.05.17 19:01:20.010,10.31456,10.31704,1.37,1.00
2018.05.17 19:01:20.314,10.31456,10.31695,1.37,1.00
2018.05.17 19:01:30.094,10.3145,10.31695,1.37,1.37
2018.05.17 19:01:35.025,10.3145,10.31695,1.37,1.37
2018.05.17 19:01:37.814,10.3145,10.31695,1.37,1.12
2018.05.17 19:01:42.854,10.31438,10.31686,1.37,1.00
2018.05.17 19:01:44.414,10.31436,10.31683,1.37,1.00
2018.05.17 19:01:45.363,10.31447,10.31683,1.37,1.00
2018.05.17 19:01:46.754,10.31453,10.31683,1.00,1.00
2018.05.17 19:01:48.633,10.31436,10.31684,1.37,1.00
2018.05.17 19:01:48.684,10.31436,10.31684,1.37,1.37
2018.05.17 19:01:50.012,10.3145,10.31698,1.12,1.87
2018.05.17 19:01:53.414,10.31449,10.31697,1.37,1.00
2018.05.17 19:01:54.340,10.31449,10.31686,1.37,1.00
2018.05.17 19:02:01.789,10.31451,10.31686,1.00,1.00
2018.05.17 19:02:04.958,10.3144,10.31686,1.37,1.00
2018.05.17 19:02:08.424,10.31435,10.31685,1.37,1.00
2018.05.17 19:02:08.764,10.31429,10.31673,1.37,1.00
2018.05.17 19:02:08.969,10.31429,10.31679,1.37,1.00
2018.05.17 19:02:09.628,10.31429,10.31686,1.37,1.37
2018.05.17 19:02:10.522,10.31428,10.31676,1.37,1.00
2018.05.17 19:02:11.552,10.31423,10.31673,1.87,1.00
2018.05.17 19:02:18.078,10.31429,10.31665,1.37,1.00
2018.05.17 19:02:22.981,10.31419,10.31665,1.37,1.37
2018.05.17 19:02:23.732,10.31419,10.31665,1.37,1.12
2018.05.17 19:02:37.472,10.31425,10.31646,1.37,1.00
2018.05.17 19:02:50.431,10.3141,10.31646,1.37,1.00
2018.05.17 19:02:50.535,10.31403,10.31623,1.37,1.00
2018.05.17 19:03:05.438,10.31402,10.31623,1.00,1.00
2018.05.17 19:03:08.399,10.31397,10.31623,1.37,1.00
2018.05.17 19:03:50.805,10.31391,10.31641,1.37,1.00
2018.05.17 19:03:53.399,10.31395,10.31643,1.37,1.00
2018.05.17 19:04:00.427,10.31395,10.31643,1.12,1.00
2018.05.17 19:04:01.749,10.31393,10.31641,1.37,1.00
2018.05.17 19:04:07.406,10.31393,10.31641,1.75,1.00
2018.05.17 19:04:07.458,10.31393,10.31641,1.37,1.00
2018.05.17 19:04:07.509,10.31393,10.31641,1.75,1.00
2018.05.17 19:04:07.560,10.31393,10.31641,1.37,1.00
2018.05.17 19:04:16.741,10.31398,10.31646,1.00,1.00
2018.05.17 19:04:20.154,10.31398,10.31646,1.37,1.00
2018.05.17 19:04:21.410,10.31398,10.31646,1.00,1.00
2018.05.17 19:04:30.372,10.31398,10.31646,1.37,1.00
2018.05.17 19:04:31.741,10.31404,10.3165,1.00,1.00
2018.05.17 19:04:33.642,10.31405,10.3165,1.00,1.00
2018.05.17 19:04:33.693,10.31434,10.31652,1.00,1.00
2018.05.17 19:04:37.902,10.31429,10.31652,1.00,1.00
2018.05.17 19:04:37.954,10.31417,10.31652,1.00,1.00
2018.05.17 19:04:38.055,10.31404,10.31652,1.50,1.00
2018.05.17 19:04:38.106,10.31404,10.3164,1.00,1.00
2018.05.17 19:04:38.812,10.31404,10.31639,1.00,1.00
2018.05.17 19:04:39.163,10.31404,10.31639,1.00,1.37
2018.05.17 19:04:40.414,10.31404,10.31628,1.00,1.00
2018.05.17 19:04:40.843,10.31404,10.31607,1.00,1.00
2018.05.17 19:04:53.045,10.31405,10.31607,1.00,1.00
2018.05.17 19:04:53.206,10.314,10.31607,1.00,1.00
2018.05.17 19:04:53.816,10.31399,10.31607,1.00,1.00
2018.05.17 19:05:03.120,10.31392,10.31607,1.37,1.00
2018.05.17 19:05:05.199,10.31406,10.31607,1.00,1.00
2018.05.17 19:05:08.552,10.31406,10.31649,1.37,1.50
2018.05.17 19:05:08.604,10.31423,10.31649,1.00,1.00
2018.05.17 19:05:08.912,10.31423,10.31624,1.00,1.00
2018.05.17 19:05:09.236,10.31434,10.31624,1.00,1.00
2018.05.17 19:05:09.713,10.31454,10.31667,1.00,1.00
2018.05.17 19:05:09.765,10.31454,10.31674,1.00,1.00
2018.05.17 19:05:09.818,10.31466,10.31674,1.00,1.00
2018.05.17 19:05:09.870,10.31466,10.31688,1.00,1.00
2018.05.17 19:05:09.921,10.31483,10.31712,1.00,1.37
2018.05.17 19:05:09.973,10.31492,10.31712,1.00,1.37
2018.05.17 19:05:10.222,10.31516,10.31759,1.37,1.37
2018.05.17 19:05:10.477,10.31537,10.31766,1.00,1.37
2018.05.17 19:05:10.528,10.31529,10.31763,1.37,1.00
2018.05.17 19:05:10.832,10.31541,10.31769,1.00,1.00
2018.05.17 19:05:11.201,10.31554,10.31777,1.00,1.00
2018.05.17 19:05:11.697,10.3156,10.31788,1.00,1.00
2018.05.17 19:05:12.418,10.31548,10.31784,1.37,1.00
2018.05.17 19:05:12.471,10.31562,10.31789,1.00,1.00
2018.05.17 19:05:12.625,10.31549,10.31784,1.37,1.00
2018.05.17 19:05:12.715,10.3156,10.31787,1.00,1.00
2018.05.17 19:05:12.767,10.31549,10.31782,1.37,1.00
2018.05.17 19:05:13.140,10.31561,10.31785,1.00,1.00
2018.05.17 19:05:13.452,10.31549,10.31782,1.37,1.00
2018.05.17 19:05:13.789,10.3156,10.31785,1.00,1.00
2018.05.17 19:05:13.841,10.31544,10.3178,1.37,1.00
2018.05.17 19:05:13.945,10.31559,10.31784,1.00,1.00
2018.05.17 19:05:14.101,10.3155,10.31784,1.37,1.00
2018.05.17 19:05:14.159,10.3156,10.31789,1.00,1.00
2018.05.17 19:05:14.472,10.31563,10.31789,1.37,1.00
2018.05.17 19:05:14.583,10.31566,10.31808,1.37,1.37
2018.05.17 19:05:16.999,10.31567,10.31815,1.37,1.00
2018.05.17 19:05:18.300,10.31573,10.31811,1.00,1.00
2018.05.17 19:05:18.403,10.31572,10.31816,1.00,1.00
2018.05.17 19:05:18.533,10.31577,10.31824,1.00,1.00
2018.05.17 19:05:18.585,10.31586,10.31817,1.00,1.00
2018.05.17 19:05:18.637,10.31586,10.31824,1.00,1.50
2018.05.17 19:05:18.688,10.31577,10.31819,1.00,1.00
2018.05.17 19:05:19.427,10.31586,10.31824,1.00,1.00
2018.05.17 19:05:19.973,10.31586,10.31824,1.37,1.00
2018.05.17 19:05:26.430,10.31587,10.31829,1.37,1.00
2018.05.17 19:05:26.838,10.31593,10.31834,1.00,1.50
2018.05.17 19:05:27.742,10.31601,10.31834,1.00,1.00
2018.05.17 19:05:27.844,10.31601,10.31837,1.00,1.00
2018.05.17 19:05:28.318,10.31601,10.31834,1.37,1.00
2018.05.17 19:05:28.369,10.31601,10.31837,1.37,1.00
2018.05.17 19:05:28.944,10.31603,10.31851,1.37,1.50
2018.05.17 19:05:28.996,10.31603,10.3184,1.37,1.00
2018.05.17 19:05:29.303,10.31603,10.31844,1.37,1.37
2018.05.17 19:05:29.354,10.31605,10.31845,1.12,1.00
2018.05.17 19:05:29.406,10.31618,10.31848,1.00,1.00
2018.05.17 19:05:29.458,10.31603,10.31837,1.37,1.00
2018.05.17 19:05:29.561,10.31603,10.31851,1.37,1.00
2018.05.17 19:05:29.612,10.31612,10.31851,1.00,1.00
2018.05.17 19:05:29.922,10.31594,10.31842,1.37,1.00
2018.05.17 19:05:30.444,10.31594,10.31842,1.37,1.37
2018.05.17 19:05:30.761,10.31608,10.31853,1.00,1.37
2018.05.17 19:05:31.109,10.31621,10.31855,1.00,1.37
2018.05.17 19:05:32.048,10.31621,10.31856,1.12,1.37
2018.05.17 19:05:35.032,10.31621,10.31856,1.12,1.00
2018.05.17 19:05:35.134,10.31609,10.31852,1.87,1.00
2018.05.17 19:05:35.351,10.31624,10.31857,1.00,1.12
2018.05.17 19:05:36.305,10.31609,10.31851,1.37,1.00
2018.05.17 19:05:37.179,10.31619,10.31855,1.37,1.00
2018.05.17 19:05:38.427,10.31619,10.31854,1.37,1.00
2018.05.17 19:05:38.820,10.31606,10.31852,1.37,1.37
2018.05.17 19:05:39.442,10.31615,10.31854,1.00,1.87
2018.05.17 19:05:39.494,10.31566,10.31786,1.37,1.00
2018.05.17 19:05:39.547,10.31549,10.31774,1.00,1.00
2018.05.17 19:05:39.600,10.31548,10.31789,1.00,1.00
2018.05.17 19:05:39.704,10.31548,10.31787,1.00,1.00
2018.05.17 19:05:39.846,10.31548,10.31789,1.00,1.00
2018.05.17 19:05:40.455,10.31554,10.3179,1.00,1.00
2018.05.17 19:05:40.800,10.31554,10.3179,1.37,1.00
2018.05.17 19:05:41.617,10.31554,10.31803,1.37,1.00
2018.05.17 19:05:41.909,10.31566,10.31804,1.00,1.00
2018.05.17 19:05:51.274,10.31566,10.31803,1.00,1.00
2018.05.17 19:06:01.742,10.31566,10.31808,1.00,1.00
2018.05.17 19:06:02.878,10.31566,10.31808,1.37,1.00
2018.05.17 19:06:07.997,10.3157,10.31811,1.00,1.00
2018.05.17 19:06:08.399,10.3157,10.31814,1.00,1.00
2018.05.17 19:06:12.892,10.31564,10.31814,1.75,1.00
2018.05.17 19:06:16.741,10.31567,10.3181,1.37,1.00
2018.05.17 19:06:18.837,10.31567,10.3181,1.75,1.00
2018.05.17 19:06:20.147,10.31579,10.3181,1.00,1.00
2018.05.17 19:06:20.529,10.31579,10.31816,1.00,1.00
2018.05.17 19:06:21.736,10.31572,10.3182,1.37,1.50
2018.05.17 19:06:21.839,10.31572,10.3182,1.00,1.50
2018.05.17 19:06:22.032,10.31571,10.31819,1.00,1.00
2018.05.17 19:06:22.409,10.3158,10.31818,1.00,1.00
2018.05.17 19:07:00.208,10.3158,10.31818,1.00,1.37
2018.05.17 19:07:00.259,10.3158,10.31818,1.00,1.00
2018.05.17 19:07:24.337,10.31575,10.31808,1.37,1.00
2018.05.17 19:07:30.229,10.31575,10.31808,1.00,1.00
2018.05.17 19:07:30.331,10.3157,10.31814,1.00,1.00
2018.05.17 19:07:31.623,10.31564,10.3181,1.00,1.00
2018.05.17 19:07:32.656,10.31564,10.31808,1.00,1.00
2018.05.17 19:07:38.401,10.31564,10.31807,1.00,1.00
2018.05.17 19:07:38.980,10.31564,10.31807,1.00,1.37
2018.05.17 19:07:42.608,10.31564,10.31807,1.00,1.00
2018.05.17 19:07:43.862,10.31559,10.31807,1.00,1.12
2018.05.17 19:07:43.913,10.31566,10.31807,1.00,1.12
2018.05.17 19:07:46.744,10.31566,10.31809,1.00,1.00
2018.05.17 19:07:54.985,10.3157,10.31809,1.00,1.00
2018.05.17 19:08:01.741,10.3157,10.31814,1.00,1.00
2018.05.17 19:08:16.742,10.3157,10.31813,1.00,1.00
2018.05.17 19:08:16.998,10.31565,10.31813,1.00,1.00
2018.05.17 19:08:17.152,10.31565,10.31813,1.37,1.00
2018.05.17 19:08:17.460,10.31576,10.31813,1.00,1.00
2018.05.17 19:08:23.400,10.31576,10.31815,1.00,1.00
2018.05.17 19:08:31.788,10.31576,10.31816,1.00,1.50
2018.05.17 19:08:32.554,10.31577,10.31816,1.00,1.50
2018.05.17 19:08:32.885,10.31589,10.31816,1.00,1.50
2018.05.17 19:08:32.936,10.31576,10.31816,1.00,1.50
2018.05.17 19:08:33.244,10.31592,10.31816,1.00,1.00
2018.05.17 19:08:33.295,10.31592,10.31828,1.00,1.37
2018.05.17 19:08:34.433,10.31592,10.31828,1.00,1.00
2018.05.17 19:08:41.679,10.31604,10.31826,1.00,1.00
2018.05.17 19:08:43.440,10.3157,10.31812,1.00,1.37
2018.05.17 19:08:43.492,10.31564,10.31812,1.00,1.37
2018.05.17 19:08:43.545,10.31576,10.31812,1.00,1.37
2018.05.17 19:08:43.853,10.31593,10.31823,1.00,1.00
2018.05.17 19:08:43.906,10.31593,10.31834,1.00,1.87
2018.05.17 19:08:49.975,10.31605,10.31843,1.00,1.12
2018.05.17 19:08:50.234,10.31605,10.31846,1.00,1.00
2018.05.17 19:08:51.494,10.31619,10.31849,1.00,1.00
2018.05.17 19:08:59.521,10.31605,10.3184,1.12,1.00
2018.05.17 19:09:02.854,10.31618,10.31846,1.00,1.00
2018.05.17 19:09:02.905,10.31615,10.31848,1.00,1.37
2018.05.17 19:09:02.956,10.31615,10.31848,1.00,1.37
2018.05.17 19:09:03.142,10.31622,10.31848,1.00,1.00
2018.05.17 19:09:03.195,10.31591,10.31831,1.37,1.37
2018.05.17 19:09:04.332,10.31595,10.31836,1.00,1.12
2018.05.17 19:09:05.541,10.31592,10.31829,1.00,1.37
2018.05.17 19:09:06.735,10.31592,10.31829,1.00,1.12
2018.05.17 19:09:15.365,10.31592,10.31823,1.00,1.00
2018.05.17 19:09:16.688,10.31592,10.31823,1.00,1.37
2018.05.17 19:09:26.784,10.31592,10.31829,1.00,1.37
2018.05.17 19:09:27.050,10.31592,10.31829,1.00,1.37
2018.05.17 19:09:30.096,10.31592,10.31829,1.00,1.37
2018.05.17 19:09:31.888,10.31592,10.31815,1.00,1.00
2018.05.17 19:09:32.042,10.31593,10.31829,1.00,1.00
2018.05.17 19:09:32.094,10.31595,10.31841,1.00,1.37
2018.05.17 19:09:32.417,10.31627,10.31853,1.00,1.37
2018.05.17 19:09:32.725,10.31643,10.31859,1.00,1.37
2018.05.17 19:09:33.093,10.31643,10.3186,1.00,1.00
2018.05.17 19:09:34.153,10.31643,10.3186,1.00,1.37
2018.05.17 19:09:36.551,10.31643,10.3186,1.00,1.00
2018.05.17 19:09:36.653,10.31643,10.31867,1.00,1.37
2018.05.17 19:09:37.145,10.31627,10.31864,1.00,1.37
2018.05.17 19:09:37.196,10.31641,10.31867,1.00,1.37
2018.05.17 19:09:37.886,10.31643,10.31857,1.00,1.37
2018.05.17 19:09:38.410,10.31643,10.31857,1.00,1.12
2018.05.17 19:09:42.027,10.31619,10.31852,1.37,1.00
2018.05.17 19:09:42.078,10.3164,10.31851,1.00,1.00
2018.05.17 19:09:42.399,10.3164,10.31849,1.00,1.37
2018.05.17 19:09:42.652,10.3163,10.31844,1.00,1.37
2018.05.17 19:09:43.138,10.31616,10.31849,1.00,1.50
2018.05.17 19:09:46.425,10.31612,10.31849,1.00,1.50
2018.05.17 19:09:46.529,10.31612,10.31849,1.00,1.87
2018.05.17 19:09:46.581,10.316,10.31838,1.37,1.37
2018.05.17 19:09:48.786,10.31601,10.31845,1.37,1.37
2018.05.17 19:09:50.056,10.31601,10.31845,1.37,1.37
2018.05.17 19:09:50.396,10.31601,10.31845,1.37,1.37
2018.05.17 19:09:51.827,10.31601,10.31845,1.37,1.37
2018.05.17 19:09:52.218,10.31601,10.31845,1.37,1.37
2018.05.17 19:09:53.095,10.31607,10.31838,1.00,1.37
2018.05.17 19:09:55.242,10.31607,10.31838,1.00,1.37
2018.05.17 19:09:56.766,10.316,10.31838,1.37,1.37
2018.05.17 19:09:56.817,10.31609,10.31838,1.00,1.37
2018.05.17 19:09:57.857,10.31613,10.31838,1.00,1.37
2018.05.17 19:10:00.090,10.31613,10.31838,1.00,1.37
2018.05.17 19:10:00.426,10.31618,10.31849,1.00,1.37
2018.05.17 19:10:00.828,10.31608,10.31844,1.00,1.37
2018.05.17 19:10:01.422,10.31608,10.31844,1.00,1.37
2018.05.17 19:10:09.666,10.31608,10.31844,1.00,1.87
2018.05.17 19:10:10.875,10.31608,10.31844,1.00,1.87
2018.05.17 19:10:13.855,10.31608,10.31844,1.00,1.87
2018.05.17 19:10:15.418,10.31608,10.31844,1.00,1.87
2018.05.17 19:10:19.817,10.31608,10.31843,1.00,1.37
2018.05.17 19:10:20.276,10.31608,10.31843,1.00,1.37
2018.05.17 19:10:22.382,10.31608,10.31843,1.00,1.37
2018.05.17 19:10:24.640,10.31608,10.31843,1.00,1.37
2018.05.17 19:10:35.063,10.31612,10.31842,1.00,1.37
2018.05.17 19:10:37.519,10.31612,10.31842,1.00,1.37
2018.05.17 19:10:42.098,10.31612,10.31847,1.00,1.37
2018.05.17 19:10:43.175,10.31612,10.31847,1.00,1.37
2018.05.17 19:10:50.054,10.31611,10.31851,1.00,1.87
2018.05.17 19:10:53.357,10.31611,10.31851,1.00,1.87
2018.05.17 19:10:56.544,10.31611,10.3185,1.00,1.37
2018.05.17 19:10:57.569,10.31611,10.3185,1.00,1.37
2018.05.17 19:10:57.919,10.31629,10.3185,1.00,1.37
2018.05.17 19:10:58.756,10.31629,10.3185,1.00,1.37
2018.05.17 19:10:59.296,10.31625,10.31842,1.00,1.37
2018.05.17 19:11:00.590,10.31625,10.31842,1.00,1.37
2018.05.17 19:11:01.658,10.31625,10.31838,1.00,1.37
2018.05.17 19:11:01.709,10.31612,10.31828,1.00,1.37
2018.05.17 19:11:02.538,10.31605,10.31821,1.00,1.37
2018.05.17 19:11:02.590,10.31603,10.3182,1.00,1.37
2018.05.17 19:11:09.461,10.31602,10.31838,1.00,1.37
2018.05.17 19:11:09.771,10.31602,10.31836,1.00,1.37
2018.05.17 19:11:10.980,10.31602,10.31836,1.00,1.37
2018.05.17 19:11:12.523,10.31602,10.31819,1.00,1.37
2018.05.17 19:11:13.346,10.31602,10.31819,1.00,1.37
2018.05.17 19:11:13.449,10.31602,10.31799,1.00,1.00
2018.05.17 19:11:16.045,10.31601,10.31799,1.00,1.00
2018.05.17 19:11:25.547,10.3161,10.31799,1.00,1.00
2018.05.17 19:11:52.133,10.31602,10.31799,1.00,1.00
2018.05.17 19:11:57.441,10.3161,10.31799,1.00,1.00
2018.05.17 19:11:57.493,10.31591,10.31799,1.00,1.00
2018.05.17 19:11:57.698,10.316,10.31799,1.00,1.00
2018.05.17 19:11:58.006,10.31603,10.31799,1.00,1.00
2018.05.17 19:12:04.206,10.31601,10.31799,1.00,1.00
2018.05.17 19:12:05.010,10.31599,10.31799,1.00,1.00
2018.05.17 19:12:05.519,10.31598,10.31799,1.00,1.00
2018.05.17 19:12:06.235,10.31598,10.31799,1.00,1.37
2018.05.17 19:12:09.223,10.31598,10.31799,1.00,1.00
2018.05.17 19:12:09.326,10.31589,10.31799,1.00,1.00
2018.05.17 19:12:11.565,10.31585,10.31799,1.00,1.00
2018.05.17 19:12:13.560,10.31585,10.31809,1.00,1.37
2018.05.17 19:12:14.902,10.31585,10.31809,1.00,1.00
2018.05.17 19:12:15.108,10.31596,10.31809,1.00,1.00
2018.05.17 19:12:15.654,10.31596,10.31821,1.00,1.37
2018.05.17 19:12:16.021,10.31596,10.31821,1.00,1.37
2018.05.17 19:12:19.881,10.31596,10.31822,1.00,1.37
2018.05.17 19:12:29.295,10.31596,10.31822,1.00,1.87
2018.05.17 19:12:29.624,10.31603,10.31822,1.00,1.37
2018.05.17 19:12:30.231,10.31608,10.31834,1.00,1.37
2018.05.17 19:12:34.307,10.31608,10.31835,1.00,1.87
2018.05.17 19:12:44.776,10.31608,10.31832,1.00,1.37
2018.05.17 19:12:59.796,10.31598,10.31823,1.00,1.37
2018.05.17 19:13:01.152,10.31598,10.31823,1.00,1.37
2018.05.17 19:13:03.818,10.31598,10.31822,1.00,1.37
2018.05.17 19:13:04.979,10.31598,10.31822,1.00,1.37
2018.05.17 19:13:15.916,10.31598,10.31823,1.00,1.37
2018.05.17 19:13:22.948,10.31599,10.31822,1.00,1.37
2018.05.17 19:13:28.179,10.31595,10.31815,1.00,1.37
2018.05.17 19:13:29.362,10.31595,10.3181,1.00,1.37
2018.05.17 19:13:31.040,10.31595,10.3181,1.00,1.37
2018.05.17 19:13:39.833,10.31595,10.3181,1.00,1.37
2018.05.17 19:13:41.332,10.31595,10.3181,1.00,1.37
2018.05.17 19:13:41.641,10.31597,10.31822,1.00,1.37
2018.05.17 19:13:42.516,10.31597,10.31822,1.00,1.37
2018.05.17 19:13:45.744,10.31597,10.31822,1.00,1.37
2018.05.17 19:13:48.453,10.31597,10.31823,1.00,1.37
2018.05.17 19:13:49.607,10.31597,10.31823,1.00,1.37
2018.05.17 19:13:50.793,10.31597,10.31823,1.00,1.37
2018.05.17 19:13:53.203,10.31612,10.31829,1.00,1.37
2018.05.17 19:13:53.770,10.31612,10.31829,1.00,1.87
2018.05.17 19:13:55.124,10.31612,10.31829,1.00,1.87
2018.05.17 19:14:03.129,10.31612,10.31829,1.00,1.87
2018.05.17 19:14:04.248,10.31612,10.31829,1.00,1.87
2018.05.17 19:14:15.189,10.31611,10.3183,1.00,1.87
2018.05.17 19:14:20.360,10.31611,10.3183,1.00,1.87
2018.05.17 19:14:20.671,10.31611,10.31774,1.00,1.37
2018.05.17 19:14:20.786,10.31611,10.31774,1.00,1.00
2018.05.17 19:14:27.610,10.3161,10.31774,1.00,1.00
2018.05.17 19:14:49.133,10.31609,10.31774,1.00,1.00
2018.05.17 19:14:53.968,10.31598,10.31774,1.00,1.00
2018.05.17 19:15:05.034,10.31582,10.31774,1.00,1.00
2018.05.17 19:15:05.141,10.31582,10.31774,1.00,1.37
2018.05.17 19:15:05.284,10.31567,10.31774,1.00,1.37
2018.05.17 19:15:05.999,10.3154,10.31774,1.37,1.37
2018.05.17 19:15:06.538,10.3154,10.31774,1.37,1.37
2018.05.17 19:15:06.913,10.31531,10.31758,1.37,1.00
2018.05.17 19:15:10.614,10.31531,10.31758,1.00,1.00
2018.05.17 19:15:11.045,10.31531,10.31758,1.00,1.37
2018.05.17 19:15:11.199,10.31525,10.31758,1.12,1.37
2018.05.17 19:15:11.354,10.31513,10.31749,1.00,1.37
2018.05.17 19:15:11.405,10.31505,10.31755,1.00,1.37
2018.05.17 19:15:11.513,10.315,10.31748,1.00,1.37
2018.05.17 19:15:11.565,10.315,10.31745,1.00,1.37
2018.05.17 19:15:11.617,10.31496,10.31739,1.00,1.37
2018.05.17 19:15:11.669,10.31489,10.31734,1.37,1.00
2018.05.17 19:15:11.978,10.31484,10.31729,1.37,1.00
2018.05.17 19:15:12.033,10.31484,10.31729,1.00,1.00
2018.05.17 19:15:12.708,10.31484,10.31729,1.00,1.37
2018.05.17 19:15:13.119,10.3148,10.31726,1.00,1.37
2018.05.17 19:15:13.384,10.3148,10.31708,1.00,1.00
2018.05.17 19:15:16.783,10.31484,10.31708,1.00,1.00
2018.05.17 19:15:17.371,10.31484,10.31708,1.00,1.37
2018.05.17 19:15:17.424,10.3148,10.31708,1.00,1.37
2018.05.17 19:15:17.629,10.31468,10.31708,1.00,1.37
2018.05.17 19:15:17.681,10.31459,10.31705,1.00,1.37
2018.05.17 19:15:18.749,10.31459,10.31707,1.00,1.87
2018.05.17 19:15:20.022,10.31459,10.31707,1.00,1.87
2018.05.17 19:15:23.400,10.31454,10.31702,1.00,1.37
2018.05.17 19:15:23.941,10.31438,10.31686,1.00,1.00
2018.05.17 19:15:23.993,10.31437,10.31685,1.12,1.37
2018.05.17 19:15:24.044,10.31437,10.31677,1.12,1.37
2018.05.17 19:15:24.214,10.31426,10.31674,1.00,1.37
2018.05.17 19:15:24.267,10.31426,10.31674,1.00,1.37
2018.05.17 19:15:27.191,10.31416,10.3166,1.12,1.37
2018.05.17 19:15:27.294,10.31416,10.31648,1.00,1.00
2018.05.17 19:15:27.346,10.31404,10.31652,1.00,1.37
2018.05.17 19:15:31.742,10.31395,10.31641,1.37,1.37
2018.05.17 19:15:34.587,10.31395,10.31641,1.37,1.37
2018.05.17 19:15:36.309,10.31395,10.31641,1.37,1.37
2018.05.17 19:15:38.353,10.31391,10.31639,1.00,1.37
2018.05.17 19:15:38.404,10.31391,10.31639,1.00,1.37
2018.05.17 19:15:39.668,10.31391,10.31635,1.00,1.37
2018.05.17 19:15:41.058,10.31391,10.3163,1.00,1.12
2018.05.17 19:15:44.556,10.31384,10.31632,1.00,1.37
2018.05.17 19:15:46.755,10.31387,10.3163,1.00,1.37
2018.05.17 19:15:50.052,10.31387,10.3163,1.00,1.12
2018.05.17 19:15:54.777,10.31387,10.3163,1.00,1.37
2018.05.17 19:16:01.845,10.3138,10.31628,1.37,1.00
2018.05.17 19:16:02.269,10.31374,10.31628,1.00,1.00
2018.05.17 19:16:03.137,10.31374,10.31618,1.00,1.37
2018.05.17 19:16:03.239,10.31374,10.3162,1.00,1.37
2018.05.17 19:16:03.341,10.3136,10.31628,1.37,1.37
2018.05.17 19:16:03.393,10.3136,10.31628,1.37,1.37
2018.05.17 19:16:03.546,10.31357,10.31629,1.00,1.37
2018.05.17 19:16:03.700,10.31354,10.31602,1.00,1.37
2018.05.17 19:16:03.906,10.31359,10.31628,1.00,1.37
2018.05.17 19:16:04.708,10.31353,10.31601,1.00,1.37
2018.05.17 19:16:04.760,10.31353,10.31601,1.00,1.37
2018.05.17 19:16:04.811,10.31353,10.31601,1.00,1.37
2018.05.17 19:16:04.863,10.31353,10.31601,1.00,1.37
2018.05.17 19:16:04.967,10.31353,10.31601,1.00,1.37
2018.05.17 19:16:05.021,10.31338,10.31586,1.00,1.37
2018.05.17 19:16:05.817,10.31326,10.31574,1.37,1.37
2018.05.17 19:16:06.027,10.31339,10.31587,1.00,1.37
2018.05.17 19:16:06.144,10.31339,10.31587,1.00,1.37
2018.05.17 19:16:06.668,10.31349,10.31594,1.00,1.37
2018.05.17 19:16:07.812,10.31349,10.31591,1.00,1.37
2018.05.17 19:16:08.021,10.31353,10.31597,1.00,1.37
2018.05.17 19:16:20.057,10.31344,10.31591,1.00,1.37
2018.05.17 19:16:20.313,10.31357,10.31599,1.00,1.37
2018.05.17 19:16:21.111,10.31357,10.31599,1.37,1.00
2018.05.17 19:16:21.523,10.31369,10.31613,1.37,1.00
2018.05.17 19:16:21.730,10.31366,10.31601,1.37,1.00
2018.05.17 19:16:21.935,10.31362,10.31622,1.37,1.00
2018.05.17 19:16:22.131,10.31362,10.31617,1.87,1.00
2018.05.17 19:16:22.440,10.31376,10.31622,1.37,1.00
2018.05.17 19:16:22.593,10.31362,10.31622,1.37,1.00
2018.05.17 19:16:22.644,10.31363,10.31619,1.37,1.00
2018.05.17 19:16:22.957,10.31374,10.31621,1.37,1.00
2018.05.17 19:16:25.288,10.31373,10.31616,1.37,1.00
2018.05.17 19:16:25.712,10.3136,10.31622,1.75,1.00
2018.05.17 19:16:25.764,10.31359,10.31606,1.75,1.00
2018.05.17 19:16:25.816,10.31346,10.31629,1.75,1.00
2018.05.17 19:16:25.868,10.31345,10.31593,1.75,1.00
2018.05.17 19:16:25.973,10.31356,10.31604,1.37,1.00
2018.05.17 19:16:26.127,10.31362,10.31629,1.37,1.50
2018.05.17 19:16:26.230,10.31362,10.31629,1.37,1.50
2018.05.17 19:16:26.944,10.31361,10.31609,1.37,1.00
2018.05.17 19:16:27.487,10.31361,10.31609,1.37,1.00
2018.05.17 19:16:27.640,10.31372,10.3162,1.37,1.00
2018.05.17 19:16:28.693,10.31372,10.3162,1.37,1.00
2018.05.17 19:16:31.054,10.31372,10.3162,1.37,1.00
2018.05.17 19:16:31.742,10.31377,10.31625,1.37,1.00
2018.05.17 19:16:32.209,10.31384,10.31631,1.37,1.00
2018.05.17 19:16:32.261,10.31384,10.31634,1.37,1.00
2018.05.17 19:16:35.054,10.31387,10.31637,1.37,1.00
2018.05.17 19:16:36.410,10.31387,10.31637,1.37,1.00
2018.05.17 19:16:37.740,10.31387,10.31637,1.37,1.00
2018.05.17 19:16:37.906,10.31395,10.31643,1.37,1.00
2018.05.17 19:16:37.957,10.31395,10.31643,1.00,1.00
2018.05.17 19:16:38.009,10.31395,10.31643,1.37,1.00
2018.05.17 19:16:38.545,10.31394,10.31642,1.37,1.00
2018.05.17 19:16:39.410,10.31394,10.31642,1.37,1.00
2018.05.17 19:16:41.116,10.31394,10.31642,1.00,1.00
2018.05.17 19:16:41.167,10.31394,10.31642,1.37,1.00
2018.05.17 19:16:43.145,10.31394,10.31642,1.37,1.00
2018.05.17 19:16:44.806,10.31394,10.31642,1.37,1.00
2018.05.17 19:16:46.102,10.31394,10.31642,1.37,1.00
2018.05.17 19:16:46.504,10.31394,10.31636,1.37,1.00
2018.05.17 19:16:48.157,10.31394,10.31642,1.37,1.00
2018.05.17 19:16:48.209,10.31391,10.31639,1.75,1.00
2018.05.17 19:16:48.415,10.31402,10.3165,1.37,1.00
2018.05.17 19:16:48.467,10.31412,10.3166,1.37,1.00
2018.05.17 19:16:49.734,10.31412,10.3166,1.37,1.00
2018.05.17 19:16:50.064,10.31412,10.3166,1.37,1.00
2018.05.17 19:16:51.408,10.31412,10.3166,1.37,1.00
2018.05.17 19:16:53.400,10.31405,10.31653,1.37,1.00
2018.05.17 19:16:54.724,10.314,10.31648,1.37,1.00
2018.05.17 19:16:54.929,10.31412,10.3166,1.37,1.00
2018.05.17 19:16:57.480,10.314,10.31648,1.75,1.00
2018.05.17 19:16:57.533,10.31395,10.31643,1.37,1.00
2018.05.17 19:16:57.789,10.31407,10.31655,1.00,1.00
2018.05.17 19:16:57.992,10.31407,10.31655,1.37,1.00
2018.05.17 19:16:58.770,10.31413,10.31659,1.37,1.00
2018.05.17 19:16:58.822,10.31429,10.31677,1.37,1.00
2018.05.17 19:16:58.874,10.31429,10.31672,1.37,1.00
2018.05.17 19:16:59.379,10.31429,10.31672,1.37,1.00
2018.05.17 19:17:00.378,10.31416,10.31666,1.37,1.00
2018.05.17 19:17:00.430,10.31428,10.31676,1.37,1.00
2018.05.17 19:17:01.448,10.31417,10.31665,1.37,1.00
2018.05.17 19:17:01.761,10.31426,10.31674,1.37,1.00
2018.05.17 19:17:02.380,10.31427,10.31675,1.37,1.00
2018.05.17 19:17:02.637,10.31427,10.31675,1.37,1.00
2018.05.17 19:17:04.488,10.31435,10.31685,1.37,1.00
2018.05.17 19:17:04.898,10.31439,10.31687,1.37,1.00
2018.05.17 19:17:05.062,10.31439,10.31687,1.37,1.00
2018.05.17 19:17:12.443,10.31439,10.31687,1.37,1.00
2018.05.17 19:17:15.302,10.31439,10.31687,1.37,1.00
2018.05.17 19:17:16.743,10.31443,10.31691,1.37,1.00
2018.05.17 19:17:16.794,10.31443,10.31691,1.37,1.00
2018.05.17 19:17:18.607,10.31443,10.31691,1.37,1.00
2018.05.17 19:17:22.555,10.31443,10.31691,1.37,1.00
2018.05.17 19:17:22.674,10.3145,10.31694,1.37,1.00
2018.05.17 19:17:23.370,10.31439,10.31689,1.37,1.00
2018.05.17 19:17:23.712,10.31439,10.31689,1.37,1.00
2018.05.17 19:17:24.816,10.3145,10.31694,1.37,1.00
2018.05.17 19:17:26.019,10.31454,10.31694,1.37,1.00
2018.05.17 19:17:28.707,10.31454,10.31702,1.37,1.00
2018.05.17 19:17:28.861,10.31444,10.31692,1.00,1.00
2018.05.17 19:17:28.913,10.31444,10.31677,1.00,1.00
2018.05.17 19:17:29.222,10.31445,10.31677,1.37,1.00
2018.05.17 19:17:29.580,10.31461,10.31708,1.37,1.00
2018.05.17 19:17:29.633,10.31461,10.31709,1.37,1.00
2018.05.17 19:17:29.684,10.31471,10.31721,1.37,1.00
2018.05.17 19:17:29.737,10.31471,10.31711,1.37,1.00
2018.05.17 19:17:29.840,10.31471,10.31721,1.37,1.00
2018.05.17 19:17:29.892,10.31454,10.31702,1.37,1.00
2018.05.17 19:17:30.072,10.31476,10.31715,1.37,1.00
2018.05.17 19:17:31.318,10.31488,10.31736,1.37,1.00
2018.05.17 19:17:31.729,10.31499,10.31747,1.37,1.00
2018.05.17 19:17:31.781,10.31499,10.31736,1.37,1.00
2018.05.17 19:17:32.828,10.31499,10.31736,1.37,1.00
2018.05.17 19:17:33.161,10.31486,10.31734,1.37,1.00
2018.05.17 19:17:33.436,10.31497,10.31736,1.37,1.00
2018.05.17 19:17:33.995,10.31499,10.31736,1.37,1.00
2018.05.17 19:17:35.116,10.31489,10.31736,1.37,1.00
2018.05.17 19:17:36.614,10.31499,10.31736,1.37,1.00
2018.05.17 19:17:40.231,10.31498,10.31746,1.37,1.00
2018.05.17 19:17:40.994,10.31498,10.31746,1.37,1.00
2018.05.17 19:17:43.427,10.31498,10.31746,1.37,1.00
2018.05.17 19:17:46.742,10.31499,10.31753,1.37,1.00
2018.05.17 19:17:47.255,10.31499,10.31753,1.00,1.00
2018.05.17 19:17:47.358,10.31499,10.31753,1.37,1.00
2018.05.17 19:17:47.668,10.31499,10.31749,1.37,1.00
2018.05.17 19:17:49.912,10.31499,10.31749,1.37,1.00
2018.05.17 19:17:51.090,10.31499,10.31749,1.37,1.00
2018.05.17 19:17:51.352,10.31487,10.31735,1.37,1.00
2018.05.17 19:17:52.915,10.31498,10.31746,1.37,1.00
2018.05.17 19:17:53.421,10.31499,10.31749,1.37,1.00
2018.05.17 19:17:54.016,10.31486,10.31734,1.50,1.00
2018.05.17 19:17:54.119,10.31474,10.31722,1.37,1.00
2018.05.17 19:17:54.171,10.31485,10.31733,1.00,1.00
2018.05.17 19:17:54.428,10.31485,10.31733,1.37,1.00
2018.05.17 19:17:56.561,10.31485,10.31733,1.37,1.00
2018.05.17 19:17:57.671,10.31485,10.31733,1.37,1.00
2018.05.17 19:17:58.789,10.31485,10.31733,1.37,1.00
2018.05.17 19:17:58.894,10.31474,10.31722,1.37,1.00
2018.05.17 19:17:59.558,10.31483,10.31733,1.37,1.00
2018.05.17 19:17:59.899,10.31483,10.31733,1.37,1.00
2018.05.17 19:18:01.012,10.31475,10.31723,1.37,1.00
2018.05.17 19:18:01.474,10.31487,10.31735,1.37,1.00
2018.05.17 19:18:02.375,10.31487,10.31735,1.37,1.00
2018.05.17 19:18:03.285,10.31494,10.31742,1.37,1.50
2018.05.17 19:18:03.872,10.31499,10.31742,1.37,1.00
2018.05.17 19:18:05.002,10.31497,10.31742,1.37,1.00
2018.05.17 19:18:05.311,10.31497,10.31714,1.37,1.00
2018.05.17 19:18:06.323,10.31497,10.31714,1.37,1.00
2018.05.17 19:18:07.764,10.31476,10.31699,1.75,1.00
2018.05.17 19:18:07.817,10.31476,10.31699,1.37,1.00
2018.05.17 19:18:08.047,10.31472,10.31695,1.37,1.00
2018.05.17 19:18:08.254,10.31472,10.31697,1.37,1.00
2018.05.17 19:18:08.410,10.31467,10.31693,1.37,1.00
2018.05.17 19:18:08.462,10.3146,10.31708,1.75,1.50
2018.05.17 19:18:08.515,10.31457,10.31704,1.75,1.00
2018.05.17 19:18:08.706,10.31467,10.31711,1.37,1.00
2018.05.17 19:18:08.763,10.31467,10.31715,1.37,1.00
2018.05.17 19:18:08.865,10.3147,10.3171,1.37,1.00
2018.05.17 19:18:09.170,10.3147,10.31715,1.37,1.00
2018.05.17 19:18:12.445,10.31482,10.31715,1.37,1.00
2018.05.17 19:18:13.388,10.31485,10.3171,1.00,1.00
2018.05.17 19:18:13.562,10.31485,10.3169,1.00,1.00
2018.05.17 19:18:13.869,10.31475,10.31671,1.37,1.00
2018.05.17 19:18:14.925,10.31467,10.31671,1.37,1.00
2018.05.17 19:18:15.422,10.31508,10.31671,1.00,1.00
2018.05.17 19:18:15.474,10.31499,10.31696,1.37,1.00
2018.05.17 19:18:15.629,10.31476,10.31696,1.87,1.00
2018.05.17 19:18:15.681,10.31475,10.31696,1.37,1.00
2018.05.17 19:18:15.732,10.3149,10.31696,1.00,1.00
2018.05.17 19:18:16.040,10.31467,10.31674,1.37,1.00
2018.05.17 19:18:18.061,10.3147,10.31674,1.37,1.00
2018.05.17 19:18:19.397,10.3147,10.31674,1.37,1.00
2018.05.17 19:18:20.622,10.3146,10.31674,1.37,1.00
2018.05.17 19:18:21.862,10.31464,10.31674,1.37,1.00
2018.05.17 19:18:25.162,10.31461,10.31674,1.37,1.00
2018.05.17 19:18:28.587,10.31441,10.31674,1.37,1.00
2018.05.17 19:18:28.784,10.31441,10.31674,1.00,1.00
2018.05.17 19:18:31.743,10.31437,10.31674,1.00,1.00
2018.05.17 19:18:33.937,10.31436,10.31674,1.37,1.00
2018.05.17 19:18:35.062,10.31436,10.31674,1.37,1.00
2018.05.17 19:18:36.779,10.31421,10.31678,1.75,1.00
2018.05.17 19:18:36.831,10.31421,10.31658,1.75,1.00
2018.05.17 19:18:37.251,10.31408,10.31649,1.37,1.00
2018.05.17 19:18:37.303,10.31408,10.31656,1.37,1.00
2018.05.17 19:18:37.573,10.31408,10.31655,1.37,1.00
2018.05.17 19:18:38.003,10.31408,10.31652,1.37,1.00
2018.05.17 19:18:38.335,10.31408,10.3163,1.37,1.00
2018.05.17 19:18:39.088,10.31399,10.3163,1.37,1.00
2018.05.17 19:18:40.397,10.31395,10.31632,1.37,1.00
2018.05.17 19:18:40.773,10.31395,10.31608,1.37,1.00
2018.05.17 19:18:44.858,10.3138,10.31608,1.37,1.00
2018.05.17 19:19:05.060,10.31382,10.31608,1.37,1.00
2018.05.17 19:19:05.537,10.31375,10.31608,1.12,1.00
2018.05.17 19:19:05.619,10.31375,10.31608,1.50,1.00
2018.05.17 19:19:05.721,10.31371,10.31628,1.37,1.00
2018.05.17 19:19:05.823,10.31378,10.31612,1.37,1.00
2018.05.17 19:19:06.814,10.31404,10.31612,1.37,1.00
2018.05.17 19:19:07.954,10.31416,10.31612,1.37,1.00
2018.05.17 19:19:12.274,10.31409,10.31612,1.37,1.00
2018.05.17 19:19:12.325,10.3141,10.31644,1.37,1.00
2018.05.17 19:19:12.429,10.31372,10.31608,1.37,1.00
2018.05.17 19:19:12.890,10.31411,10.31608,1.00,1.00
2018.05.17 19:19:13.467,10.31398,10.31608,1.37,1.00
2018.05.17 19:19:13.569,10.31393,10.31608,1.37,1.00
2018.05.17 19:19:14.861,10.31391,10.31608,1.37,1.00
2018.05.17 19:19:39.371,10.31378,10.31623,1.37,1.00
2018.05.17 19:19:39.692,10.31375,10.31616,1.37,1.00
2018.05.17 19:19:39.949,10.31375,10.31616,1.37,1.00
2018.05.17 19:19:42.140,10.31375,10.31616,1.37,1.00
2018.05.17 19:19:42.468,10.31375,10.31623,1.37,1.00
2018.05.17 19:19:42.914,10.31386,10.3163,1.37,1.00
2018.05.17 19:19:43.524,10.31396,10.31607,1.37,1.00
2018.05.17 19:19:43.730,10.31384,10.3163,1.37,1.00
2018.05.17 19:19:43.834,10.31384,10.31614,1.37,1.00
2018.05.17 19:19:46.150,10.31384,10.31614,1.37,1.00
2018.05.17 19:19:48.868,10.31389,10.31614,1.37,1.00
2018.05.17 19:19:50.034,10.31395,10.31614,1.37,1.00
2018.05.17 19:19:51.840,10.31389,10.31614,1.37,1.00
2018.05.17 19:19:56.947,10.31383,10.31614,1.37,1.00
2018.05.17 19:19:59.728,10.31383,10.31614,1.37,1.00
2018.05.17 19:20:06.209,10.31384,10.31614,1.37,1.00
2018.05.17 19:20:07.503,10.31384,10.31614,1.37,1.00
2018.05.17 19:20:10.052,10.31372,10.3162,1.37,1.00
2018.05.17 19:20:10.394,10.31372,10.31615,1.37,1.00
2018.05.17 19:20:11.094,10.31394,10.31615,1.00,1.00
2018.05.17 19:20:11.648,10.31394,10.31615,1.37,1.00
2018.05.17 19:20:12.296,10.31395,10.31615,1.37,1.00
2018.05.17 19:20:15.013,10.31419,10.31653,1.37,1.00
2018.05.17 19:20:15.066,10.31408,10.31635,1.37,1.00
2018.05.17 19:20:16.182,10.31394,10.31635,1.37,1.00
2018.05.17 19:20:20.219,10.31383,10.31633,1.37,1.00
2018.05.17 19:20:20.322,10.31383,10.31608,1.37,1.00
2018.05.17 19:20:20.534,10.31373,10.31613,1.37,1.00
2018.05.17 19:20:20.740,10.31373,10.31621,1.37,1.00
2018.05.17 19:20:20.843,10.31373,10.31615,1.37,1.00
2018.05.17 19:20:20.945,10.31373,10.31621,1.37,1.00
2018.05.17 19:20:21.432,10.31373,10.31621,1.37,1.00
2018.05.17 19:20:22.688,10.31373,10.31621,1.37,1.00
2018.05.17 19:20:23.400,10.31379,10.31627,1.37,1.00
2018.05.17 19:20:23.981,10.31384,10.3163,1.37,1.00
2018.05.17 19:20:29.417,10.31384,10.31627,1.37,1.00
2018.05.17 19:20:30.419,10.31389,10.3163,1.37,1.00
2018.05.17 19:20:32.460,10.31384,10.3163,1.37,1.00
2018.05.17 19:20:35.062,10.31384,10.3163,1.37,1.00
2018.05.17 19:20:36.410,10.31384,10.3163,1.37,1.00
2018.05.17 19:20:51.395,10.31384,10.3163,1.37,1.00
2018.05.17 19:21:00.657,10.31384,10.3163,1.37,1.00
2018.05.17 19:21:02.127,10.31386,10.3163,1.37,1.00
2018.05.17 19:21:03.284,10.31386,10.3163,1.37,1.00
2018.05.17 19:21:06.905,10.31395,10.3163,1.37,1.00
2018.05.17 19:21:10.072,10.31395,10.3163,1.37,1.00
2018.05.17 19:21:21.109,10.31398,10.31646,1.37,1.00
2018.05.17 19:21:31.742,10.31397,10.31645,1.37,1.00
2018.05.17 19:21:33.159,10.31397,10.31645,1.37,1.00
2018.05.17 19:21:35.063,10.31397,10.31645,1.37,1.00
2018.05.17 19:21:38.400,10.31399,10.31647,1.37,1.00
2018.05.17 19:21:40.348,10.31399,10.31647,1.37,1.00
2018.05.17 19:21:46.777,10.31413,10.31652,1.37,1.00
2018.05.17 19:22:01.742,10.31413,10.31654,1.37,1.00
2018.05.17 19:22:04.328,10.31413,10.31654,1.37,1.00
2018.05.17 19:22:04.721,10.31393,10.31641,1.37,1.00
2018.05.17 19:22:05.706,10.31394,10.31641,1.37,1.00
2018.05.17 19:22:06.872,10.31393,10.31641,1.37,1.00
2018.05.17 19:22:08.332,10.31416,10.31652,1.37,1.00
2018.05.17 19:22:11.666,10.31404,10.31652,1.37,1.00
2018.05.17 19:22:11.874,10.31415,10.31658,1.37,1.00
2018.05.17 19:22:12.582,10.31415,10.31646,1.37,1.00
2018.05.17 19:22:12.839,10.31415,10.31646,1.37,1.00
2018.05.17 19:22:14.057,10.31415,10.31646,1.37,1.00
2018.05.17 19:22:19.394,10.31406,10.31646,1.37,1.00
2018.05.17 19:22:23.100,10.31391,10.31639,1.37,1.00
2018.05.17 19:22:23.151,10.31391,10.31639,1.37,1.00
2018.05.17 19:22:25.399,10.31391,10.31639,1.37,1.00
2018.05.17 19:22:25.700,10.31382,10.31628,1.37,1.00
2018.05.17 19:22:26.009,10.31382,10.31608,1.37,1.00
2018.05.17 19:22:28.681,10.31382,10.31608,1.37,1.00
2018.05.17 19:22:36.176,10.31381,10.31608,1.37,1.00
2018.05.17 19:22:37.125,10.31375,10.31608,1.00,1.00
2018.05.17 19:22:37.484,10.31375,10.31608,1.37,1.00
2018.05.17 19:22:43.177,10.31376,10.31608,1.37,1.00
2018.05.17 19:22:44.913,10.3138,10.31608,1.37,1.00
2018.05.17 19:22:52.419,10.31361,10.31605,1.87,1.00
2018.05.17 19:22:52.471,10.31361,10.3161,1.37,1.00
2018.05.17 19:22:52.523,10.31361,10.31608,1.37,1.00
2018.05.17 19:22:52.930,10.31363,10.31591,1.37,1.00
2018.05.17 19:22:54.034,10.31358,10.31591,1.37,1.00
2018.05.17 19:22:56.459,10.31358,10.31591,1.37,1.00
2018.05.17 19:22:58.769,10.31358,10.31591,1.37,1.00
2018.05.17 19:23:01.494,10.31358,10.31591,1.37,1.00
2018.05.17 19:23:02.705,10.31348,10.31591,1.37,1.00
2018.05.17 19:23:05.179,10.31337,10.31591,1.37,1.00
2018.05.17 19:23:06.634,10.31337,10.31591,1.37,1.00
2018.05.17 19:23:09.850,10.31332,10.31585,1.87,1.00
2018.05.17 19:23:12.621,10.31332,10.31585,1.87,1.00
2018.05.17 19:23:15.228,10.31332,10.31586,1.87,1.00
2018.05.17 19:23:16.733,10.31344,10.31589,1.37,1.00
2018.05.17 19:23:17.252,10.31342,10.3159,1.37,1.00
2018.05.17 19:23:19.763,10.31336,10.31578,1.37,1.00
2018.05.17 19:23:20.138,10.31336,10.31559,1.37,1.00
2018.05.17 19:23:20.406,10.31336,10.31559,1.37,1.00
2018.05.17 19:23:22.132,10.31335,10.31559,1.37,1.00
2018.05.17 19:23:25.125,10.31332,10.31559,1.37,1.00
2018.05.17 19:23:26.440,10.31336,10.31559,1.37,1.00
2018.05.17 19:23:27.737,10.31336,10.31559,1.37,1.00
2018.05.17 19:23:31.390,10.31328,10.31559,1.37,1.00
2018.05.17 19:23:33.522,10.31329,10.31559,1.37,1.00
2018.05.17 19:23:34.822,10.31344,10.31559,1.37,1.00
2018.05.17 19:23:38.725,10.31345,10.31559,1.37,1.00
2018.05.17 19:23:41.445,10.31326,10.31559,1.75,1.00
2018.05.17 19:23:42.162,10.31332,10.31559,1.37,1.00
2018.05.17 19:23:46.760,10.31336,10.31559,1.37,1.00
2018.05.17 19:23:49.256,10.31336,10.31559,1.37,1.00
2018.05.17 19:24:05.062,10.31338,10.31559,1.37,1.00
2018.05.17 19:24:11.788,10.31338,10.31559,1.37,1.00
2018.05.17 19:24:13.065,10.31338,10.31559,1.37,1.00
2018.05.17 19:24:17.057,10.31347,10.31559,1.37,1.00
2018.05.17 19:24:18.374,10.31336,10.31559,1.37,1.00
2018.05.17 19:24:19.840,10.31336,10.31581,1.37,1.00
2018.05.17 19:24:20.054,10.31331,10.31571,1.37,1.00
2018.05.17 19:24:20.476,10.31334,10.3158,1.37,1.00
2018.05.17 19:24:22.351,10.31334,10.3158,1.37,1.00
2018.05.17 19:24:23.447,10.31332,10.31572,1.37,1.00
2018.05.17 19:24:30.906,10.31332,10.31572,1.00,1.00
2018.05.17 19:24:30.957,10.31332,10.31572,1.37,1.00
2018.05.17 19:24:38.157,10.31323,10.31571,1.37,1.00
2018.05.17 19:24:38.466,10.3132,10.31566,1.37,1.00
2018.05.17 19:24:39.729,10.3132,10.31566,1.37,1.00
2018.05.17 19:24:40.553,10.31318,10.31559,1.50,1.00
2018.05.17 19:24:40.883,10.31318,10.31566,1.50,1.00
2018.05.17 19:24:40.934,10.31329,10.31577,1.37,1.00
2018.05.17 19:24:46.746,10.3133,10.31578,1.37,1.00
2018.05.17 19:24:47.760,10.3133,10.31578,1.37,1.00
2018.05.17 19:24:49.704,10.31314,10.31562,1.37,1.00
2018.05.17 19:24:50.012,10.31313,10.31545,1.37,1.00
2018.05.17 19:24:50.064,10.31313,10.31541,1.37,1.00
2018.05.17 19:24:50.218,10.31307,10.31545,1.37,1.00
2018.05.17 19:24:50.269,10.31307,10.31526,1.37,1.00
2018.05.17 19:24:51.246,10.313,10.31526,1.75,1.00
2018.05.17 19:24:56.861,10.31304,10.31526,1.50,1.00
2018.05.17 19:24:57.984,10.31305,10.31526,1.37,1.00
2018.05.17 19:25:01.297,10.31299,10.31526,1.37,1.00
2018.05.17 19:25:03.764,10.31299,10.31526,1.37,1.00
2018.05.17 19:25:08.823,10.31296,10.31526,1.37,1.00
2018.05.17 19:25:11.216,10.31294,10.31526,1.37,1.00
2018.05.17 19:25:11.583,10.31292,10.31526,1.12,1.00
2018.05.17 19:25:11.722,10.31296,10.31526,1.00,1.00
2018.05.17 19:25:12.029,10.31296,10.31526,1.37,1.00
2018.05.17 19:25:17.940,10.31288,10.31526,1.37,1.00
2018.05.17 19:25:20.064,10.31292,10.31526,1.37,1.00
2018.05.17 19:25:22.609,10.31292,10.31526,1.37,1.00
2018.05.17 19:25:28.207,10.31308,10.31526,1.37,1.00
2018.05.17 19:25:29.625,10.31316,10.31526,1.37,1.00
2018.05.17 19:25:31.795,10.31302,10.31526,1.37,1.00
2018.05.17 19:25:31.950,10.3129,10.31526,1.37,1.00
2018.05.17 19:25:35.064,10.31302,10.31526,1.37,1.00
2018.05.17 19:25:36.409,10.31302,10.31526,1.37,1.00
2018.05.17 19:25:38.503,10.31299,10.31526,1.37,1.00
2018.05.17 19:25:39.660,10.31304,10.31526,1.37,1.00
2018.05.17 19:25:40.909,10.31304,10.31526,1.37,1.00
2018.05.17 19:25:46.801,10.31304,10.31526,1.37,1.00
2018.05.17 19:25:50.062,10.31303,10.31526,1.37,1.00
2018.05.17 19:25:50.495,10.31303,10.31551,1.37,1.00
2018.05.17 19:25:53.449,10.313,10.31548,1.37,1.00
2018.05.17 19:25:56.506,10.31292,10.3154,1.37,1.00
2018.05.17 19:25:58.645,10.31292,10.3154,1.00,1.00
2018.05.17 19:25:59.074,10.31292,10.3154,1.37,1.00
2018.05.17 19:26:01.743,10.31302,10.3155,1.37,1.00
2018.05.17 19:26:05.064,10.31302,10.3155,1.37,1.00
2018.05.17 19:26:08.433,10.31298,10.31546,1.37,1.00
2018.05.17 19:26:16.743,10.31303,10.31551,1.37,1.00
2018.05.17 19:26:20.943,10.31291,10.31539,1.37,1.00
2018.05.17 19:26:23.421,10.31294,10.31542,1.37,1.00
2018.05.17 19:26:24.682,10.31304,10.31552,1.37,1.00
2018.05.17 19:26:25.960,10.31304,10.31552,1.37,1.00
2018.05.17 19:26:27.091,10.31304,10.31552,1.37,1.00
2018.05.17 19:26:28.575,10.31304,10.31552,1.37,1.00
2018.05.17 19:26:38.401,10.31303,10.31551,1.37,1.00
2018.05.17 19:26:46.743,10.31304,10.31552,1.37,1.00
2018.05.17 19:26:47.947,10.31304,10.31552,1.37,1.00
2018.05.17 19:26:48.253,10.31292,10.3154,1.37,1.00
2018.05.17 19:26:49.485,10.31292,10.3154,1.37,1.00
2018.05.17 19:26:51.146,10.31292,10.3153,1.00,1.00
2018.05.17 19:26:51.198,10.31275,10.3153,1.37,1.00
2018.05.17 19:26:51.249,10.31275,10.3151,1.37,1.00
2018.05.17 19:26:51.351,10.31277,10.31527,1.37,1.00
2018.05.17 19:26:51.403,10.31277,10.31508,1.37,1.00
2018.05.17 19:26:52.940,10.3128,10.31508,1.37,1.00
2018.05.17 19:26:56.116,10.3127,10.31508,1.50,1.00
2018.05.17 19:26:57.732,10.31278,10.31508,1.37,1.00
2018.05.17 19:27:01.794,10.31276,10.31508,1.37,1.00
2018.05.17 19:27:06.621,10.31276,10.31508,1.37,1.00
2018.05.17 19:27:07.350,10.31276,10.31508,1.00,1.00
2018.05.17 19:27:07.453,10.31276,10.31508,1.37,1.00
2018.05.17 19:27:09.730,10.3127,10.31508,1.50,1.00
2018.05.17 19:27:09.782,10.31274,10.31508,1.00,1.00
2018.05.17 19:27:10.095,10.31274,10.31508,1.37,1.00
2018.05.17 19:27:14.832,10.31292,10.31508,1.37,1.00
2018.05.17 19:27:23.863,10.3128,10.31508,1.37,1.00
2018.05.17 19:27:46.020,10.31279,10.31508,1.37,1.00
2018.05.17 19:27:47.429,10.31294,10.31508,1.37,1.00
2018.05.17 19:27:48.740,10.31294,10.31508,1.37,1.00
2018.05.17 19:27:51.482,10.31282,10.3153,1.37,1.00
2018.05.17 19:27:53.176,10.31282,10.3153,1.37,1.00
2018.05.17 19:27:53.401,10.3128,10.31528,1.37,1.00
2018.05.17 19:27:54.138,10.31288,10.31506,1.37,1.00
2018.05.17 19:27:54.504,10.31309,10.31542,1.00,1.00
2018.05.17 19:27:54.607,10.31302,10.31544,1.00,1.00
2018.05.17 19:27:54.708,10.31302,10.3155,1.00,1.50
2018.05.17 19:27:54.759,10.31302,10.31528,1.00,1.00
2018.05.17 19:27:55.156,10.31317,10.31528,1.00,1.00
2018.05.17 19:27:55.776,10.31317,10.31528,1.37,1.00
2018.05.17 19:27:55.885,10.31317,10.31528,1.00,1.00
2018.05.17 19:27:56.892,10.31305,10.31528,1.00,1.00
2018.05.17 19:27:57.209,10.31324,10.31528,1.00,1.00
2018.05.17 19:27:58.464,10.31324,10.31528,1.37,1.00
2018.05.17 19:28:17.901,10.31329,10.31571,1.37,1.37
2018.05.17 19:28:18.151,10.31329,10.31556,1.37,1.00
2018.05.17 19:28:20.063,10.31329,10.31556,1.37,1.00
2018.05.17 19:28:29.166,10.31349,10.31572,1.37,1.00
2018.05.17 19:28:29.218,10.31348,10.31581,1.37,1.37
2018.05.17 19:28:42.989,10.31348,10.31581,1.37,1.37
2018.05.17 19:28:44.803,10.31362,10.31581,1.37,1.00
2018.05.17 19:28:46.083,10.31362,10.31581,1.37,1.00
2018.05.17 19:28:50.060,10.31362,10.31581,1.37,1.00
2018.05.17 19:28:51.410,10.31362,10.31581,1.37,1.00
2018.05.17 19:28:55.175,10.31362,10.31581,1.37,1.00
2018.05.17 19:28:56.653,10.31362,10.31581,1.37,1.00
2018.05.17 19:29:01.350,10.31362,10.31581,1.37,1.00
2018.05.17 19:29:01.809,10.31362,10.31581,1.37,1.00
2018.05.17 19:29:03.266,10.31367,10.31581,1.37,1.00
2018.05.17 19:29:04.548,10.31367,10.31581,1.37,1.00
2018.05.17 19:29:16.777,10.31367,10.31581,1.37,1.00
2018.05.17 19:29:16.832,10.31363,10.31581,1.00,1.00
2018.05.17 19:29:16.886,10.31352,10.31582,1.00,1.00
2018.05.17 19:29:16.988,10.31366,10.31582,1.00,1.00
2018.05.17 19:29:17.306,10.31381,10.31582,1.37,1.00
2018.05.17 19:29:18.119,10.31386,10.31628,1.37,1.87
2018.05.17 19:29:18.171,10.31386,10.31628,1.37,1.50
2018.05.17 19:29:19.400,10.31403,10.31628,1.37,1.50
2018.05.17 19:29:21.269,10.31401,10.31628,1.37,1.87
2018.05.17 19:29:23.518,10.31436,10.31667,1.37,1.87
2018.05.17 19:29:23.569,10.31417,10.31647,1.37,1.00
2018.05.17 19:29:24.789,10.31429,10.31677,1.37,1.37
2018.05.17 19:29:25.245,10.31449,10.31668,1.37,1.00
2018.05.17 19:29:25.899,10.31451,10.31699,1.37,1.37
2018.05.17 19:29:26.980,10.31485,10.3172,1.37,1.00
2018.05.17 19:29:27.031,10.31499,10.31731,1.37,1.37
2018.05.17 19:29:28.139,10.31499,10.31731,1.37,1.00
2018.05.17 19:29:28.444,10.31504,10.31742,1.37,1.00
2018.05.17 19:29:29.257,10.31514,10.31756,1.37,1.12
2018.05.17 19:29:29.534,10.31539,10.31779,1.37,1.00
2018.05.17 19:29:30.283,10.31541,10.31791,1.37,1.37
2018.05.17 19:29:30.751,10.31562,10.31791,1.37,1.00
2018.05.17 19:29:31.097,10.31562,10.31801,1.37,1.37
2018.05.17 19:29:32.803,10.31562,10.31802,1.37,1.00
2018.05.17 19:29:32.958,10.31571,10.31811,1.37,1.37
2018.05.17 19:29:34.010,10.3159,10.31828,1.37,1.00
2018.05.17 19:29:35.152,10.3159,10.31828,1.37,1.00
2018.05.17 19:29:37.501,10.3159,10.31833,1.37,1.00
2018.05.17 19:29:38.401,10.3159,10.31834,1.37,1.12
2018.05.17 19:29:46.316,10.31608,10.31834,1.37,1.00
2018.05.17 19:29:46.743,10.31608,10.31836,1.37,1.00
2018.05.17 19:29:49.363,10.31619,10.31836,1.37,1.00
2018.05.17 19:29:50.145,10.3162,10.31845,1.37,1.37
2018.05.17 19:29:50.617,10.3162,10.31851,1.37,1.37
2018.05.17 19:29:52.451,10.3162,10.31851,1.37,1.37
2018.05.17 19:30:03.077,10.31631,10.31844,1.37,1.00
2018.05.17 19:30:03.237,10.31613,10.31822,1.37,1.37
2018.05.17 19:30:04.367,10.31605,10.3183,1.37,1.37
2018.05.17 19:30:04.419,10.31603,10.31816,1.37,1.00
2018.05.17 19:30:05.663,10.31606,10.31816,1.37,1.12
2018.05.17 19:30:08.402,10.31606,10.31814,1.37,1.00
2018.05.17 19:30:09.285,10.31606,10.31814,1.37,1.37
2018.05.17 19:30:12.706,10.31607,10.31821,1.37,1.37
2018.05.17 19:30:15.329,10.31601,10.31821,1.37,1.37
2018.05.17 19:30:16.569,10.31601,10.31821,1.37,1.37
2018.05.17 19:30:17.818,10.31601,10.31817,1.37,1.37
2018.05.17 19:30:18.706,10.31592,10.31811,1.37,1.37
2018.05.17 19:30:19.858,10.31592,10.31811,1.37,1.37
2018.05.17 19:30:31.034,10.31592,10.3179,1.37,1.00
2018.05.17 19:30:31.240,10.31592,10.3179,1.37,1.00
2018.05.17 19:30:34.603,10.31587,10.3179,1.37,1.37
2018.05.17 19:30:35.714,10.31587,10.3179,1.37,1.37
2018.05.17 19:30:39.663,10.31587,10.31789,1.37,1.00
2018.05.17 19:30:42.243,10.31592,10.318,1.37,1.37
2018.05.17 19:30:43.317,10.31592,10.31811,1.37,1.37
2018.05.17 19:30:47.861,10.31592,10.31813,1.37,1.37
2018.05.17 19:30:55.198,10.31606,10.3182,1.37,1.37
2018.05.17 19:30:57.158,10.31602,10.3182,1.37,1.37
2018.05.17 19:31:00.315,10.31602,10.3182,1.37,1.37
2018.05.17 19:31:02.653,10.31602,10.31821,1.37,1.37
2018.05.17 19:31:04.964,10.31611,10.31812,1.37,1.37
2018.05.17 19:31:06.501,10.31603,10.31812,1.37,1.37
2018.05.17 19:31:12.445,10.31603,10.3181,1.37,1.37
2018.05.17 19:31:16.232,10.31603,10.3181,1.37,1.37
2018.05.17 19:31:17.776,10.31603,10.31808,1.37,1.37
2018.05.17 19:31:23.254,10.31603,10.31808,1.37,1.37
2018.05.17 19:31:24.536,10.31603,10.31812,1.37,1.37
2018.05.17 19:31:24.845,10.31603,10.31812,1.37,1.97
2018.05.17 19:31:25.712,10.31597,10.31794,1.37,1.72
2018.05.17 19:31:26.815,10.31597,10.31804,1.37,1.37
2018.05.17 19:31:35.016,10.31597,10.31791,1.37,1.37
2018.05.17 19:31:37.953,10.31597,10.31791,1.37,1.37
2018.05.17 19:32:22.812,10.31597,10.31794,1.37,1.37
2018.05.17 19:32:23.899,10.31597,10.31794,1.37,1.37
2018.05.17 19:32:27.896,10.31597,10.31794,1.37,1.37
2018.05.17 19:32:40.662,10.31597,10.31794,1.37,1.00
2018.05.17 19:32:40.837,10.31597,10.31794,1.37,1.37
2018.05.17 19:32:43.501,10.31597,10.31794,1.37,1.37
2018.05.17 19:32:50.068,10.31597,10.31794,1.37,1.37
2018.05.17 19:32:51.215,10.31597,10.31794,1.37,1.37
2018.05.17 19:32:54.786,10.31608,10.31794,1.00,1.37
2018.05.17 19:32:54.837,10.31608,10.31794,1.00,1.37
2018.05.17 19:32:59.365,10.31608,10.31794,1.00,1.37
2018.05.17 19:33:03.824,10.31608,10.31804,1.00,1.37
2018.05.17 19:33:07.020,10.31608,10.31804,1.37,1.00
2018.05.17 19:33:07.531,10.31608,10.31804,1.00,1.37
2018.05.17 19:33:08.326,10.31611,10.31804,1.00,1.37
2018.05.17 19:33:08.429,10.31608,10.31804,1.00,1.37
2018.05.17 19:33:08.803,10.31608,10.31804,1.12,1.37
2018.05.17 19:33:10.791,10.31612,10.31804,1.00,1.37
2018.05.17 19:33:14.859,10.31615,10.31808,1.00,1.37
2018.05.17 19:33:20.056,10.31615,10.31814,1.00,2.47
2018.05.17 19:33:22.370,10.31619,10.31814,1.00,1.97
2018.05.17 19:33:29.891,10.31619,10.31814,1.00,1.97
2018.05.17 19:33:34.564,10.31619,10.31814,1.00,1.97
2018.05.17 19:33:35.074,10.3162,10.31809,1.00,1.97
2018.05.17 19:33:37.078,10.3162,10.31809,1.00,1.72
2018.05.17 19:33:37.545,10.31634,10.31824,1.00,1.37
2018.05.17 19:33:37.650,10.31636,10.31824,1.37,1.00
2018.05.17 19:33:37.858,10.31631,10.31837,1.37,1.37
2018.05.17 19:33:39.345,10.3163,10.31839,1.37,1.37
2018.05.17 19:33:40.386,10.3163,10.31834,1.37,1.00
2018.05.17 19:33:40.490,10.3163,10.31834,1.37,1.37
2018.05.17 19:33:42.328,10.3163,10.31834,1.00,1.37
2018.05.17 19:33:45.117,10.3163,10.31834,1.37,1.37
2018.05.17 19:33:48.533,10.3163,10.31834,1.30,1.37
2018.05.17 19:33:49.551,10.3163,10.31834,1.37,1.37
2018.05.17 19:33:54.533,10.3163,10.31834,1.37,1.37
2018.05.17 19:33:55.654,10.31639,10.31844,1.37,1.37
2018.05.17 19:33:55.989,10.31639,10.31834,1.37,1.00
2018.05.17 19:33:56.905,10.31639,10.31834,1.37,1.00
2018.05.17 19:33:57.251,10.31636,10.31824,1.37,1.00
2018.05.17 19:34:00.204,10.31636,10.31824,1.00,1.37
2018.05.17 19:34:04.851,10.31636,10.31824,1.00,1.37
2018.05.17 19:34:13.291,10.31636,10.31821,1.00,1.37
2018.05.17 19:34:15.041,10.31638,10.31821,1.00,1.37
2018.05.17 19:34:15.092,10.31638,10.31821,1.00,1.00
2018.05.17 19:34:16.744,10.31638,10.31827,1.00,1.37
2018.05.17 19:34:20.017,10.31619,10.31802,1.00,1.37
2018.05.17 19:34:20.358,10.3164,10.31816,1.00,1.37
2018.05.17 19:34:20.462,10.31626,10.31803,1.00,1.37
2018.05.17 19:34:20.514,10.31639,10.31814,1.00,1.37
2018.05.17 19:34:20.566,10.31625,10.31801,1.00,1.37
2018.05.17 19:34:20.619,10.31636,10.31812,1.00,1.37
2018.05.17 19:34:20.723,10.31632,10.31814,1.00,1.37
2018.05.17 19:34:21.032,10.31618,10.31824,1.00,1.72
2018.05.17 19:34:21.238,10.31634,10.31824,1.00,1.72
2018.05.17 19:34:21.578,10.31637,10.31824,1.00,1.72
2018.05.17 19:34:23.228,10.31637,10.31823,1.00,1.37
2018.05.17 19:34:25.567,10.31639,10.31833,1.00,1.37
2018.05.17 19:34:25.771,10.3164,10.31845,1.00,1.37
2018.05.17 19:34:27.183,10.3164,10.31848,1.37,1.37
2018.05.17 19:34:31.212,10.3164,10.31848,1.37,1.00
2018.05.17 19:34:31.744,10.3164,10.31854,1.37,1.37
2018.05.17 19:34:34.087,10.3164,10.31858,1.37,1.37
2018.05.17 19:34:35.056,10.31672,10.31869,1.00,1.37
2018.05.17 19:34:35.234,10.31672,10.31869,1.37,1.37
2018.05.17 19:34:38.216,10.31672,10.31869,1.37,1.00
2018.05.17 19:34:38.425,10.31672,10.31879,1.37,1.00
2018.05.17 19:34:39.779,10.31672,10.31879,1.37,1.37
2018.05.17 19:34:47.643,10.31668,10.31889,1.37,1.37
2018.05.17 19:34:50.719,10.31668,10.31889,1.37,1.37
2018.05.17 19:34:52.805,10.31668,10.31884,1.30,1.37
2018.05.17 19:34:54.025,10.31668,10.31882,1.37,1.37
2018.05.17 19:34:57.922,10.31674,10.31882,1.37,1.37
2018.05.17 19:35:00.366,10.31674,10.31874,1.37,1.00
2018.05.17 19:35:03.255,10.31674,10.31884,1.37,1.37
2018.05.17 19:35:04.571,10.31692,10.31884,1.00,1.37
2018.05.17 19:35:05.108,10.31677,10.31884,1.37,1.37
2018.05.17 19:35:05.756,10.31677,10.31884,1.37,1.00
2018.05.17 19:35:08.351,10.31669,10.31884,1.37,1.37
2018.05.17 19:35:15.280,10.31693,10.31884,1.00,1.37
2018.05.17 19:35:15.801,10.31694,10.31884,1.00,1.37
2018.05.17 19:35:16.305,10.31697,10.31884,1.00,1.37
2018.05.17 19:35:16.415,10.3169,10.31884,1.37,1.12
2018.05.17 19:35:25.556,10.3169,10.31884,1.37,1.00
2018.05.17 19:35:36.495,10.31678,10.31884,1.37,1.37
2018.05.17 19:35:42.607,10.31681,10.31884,1.37,1.37
2018.05.17 19:35:44.221,10.31681,10.31884,1.37,1.37
2018.05.17 19:35:49.202,10.31695,10.31884,1.00,1.37
2018.05.17 19:35:49.305,10.31695,10.31894,1.37,1.37
2018.05.17 19:35:50.294,10.31682,10.31891,1.37,1.00
2018.05.17 19:35:50.793,10.31693,10.31891,1.00,1.37
2018.05.17 19:35:51.370,10.31689,10.31891,1.37,1.37
2018.05.17 19:35:52.008,10.31685,10.31884,1.37,1.00
2018.05.17 19:35:57.845,10.31694,10.31884,1.37,1.37
2018.05.17 19:35:59.179,10.31694,10.31884,1.00,1.37
2018.05.17 19:36:01.599,10.31706,10.31884,1.00,1.37
2018.05.17 19:36:01.784,10.31696,10.31884,1.00,1.37
2018.05.17 19:36:03.507,10.31696,10.31884,1.37,1.00
2018.05.17 19:36:05.385,10.31711,10.31884,1.00,1.00
2018.05.17 19:36:05.488,10.31689,10.31884,1.37,1.00
2018.05.17 19:36:15.560,10.31699,10.31894,1.00,1.37
2018.05.17 19:36:15.612,10.31693,10.31894,1.37,1.37
2018.05.17 19:36:15.886,10.31707,10.31894,1.00,1.37
2018.05.17 19:36:16.157,10.317,10.31894,1.00,1.37
2018.05.17 19:36:33.225,10.31694,10.31894,1.37,1.37
2018.05.17 19:36:33.289,10.31694,10.31894,1.00,1.00
2018.05.17 19:36:33.340,10.31694,10.31894,1.37,1.37
2018.05.17 19:36:34.553,10.31693,10.31894,1.00,1.37
2018.05.17 19:36:34.978,10.31701,10.31894,1.00,1.37
2018.05.17 19:36:35.571,10.31704,10.31894,1.00,1.37
2018.05.17 19:36:35.673,10.31705,10.31884,1.00,1.00
2018.05.17 19:36:36.300,10.31705,10.31894,1.00,1.37
2018.05.17 19:36:40.090,10.31695,10.31894,1.37,1.37
2018.05.17 19:36:40.596,10.31703,10.31894,1.00,1.37
2018.05.17 19:36:43.495,10.31718,10.31894,1.00,1.37
2018.05.17 19:36:43.598,10.31706,10.31894,1.00,1.37
2018.05.17 19:36:44.659,10.31699,10.31893,1.00,1.37
2018.05.17 19:36:45.176,10.31704,10.31884,1.00,1.00
2018.05.17 19:36:45.697,10.31704,10.31893,1.00,1.37
2018.05.17 19:37:10.708,10.31696,10.31884,1.37,1.00
2018.05.17 19:37:10.811,10.31716,10.31884,1.00,1.00
2018.05.17 19:37:11.079,10.31704,10.31884,1.00,1.00
2018.05.17 19:37:11.488,10.31717,10.31884,1.00,1.00
2018.05.17 19:37:11.623,10.31717,10.31894,1.00,1.37
2018.05.17 19:37:11.682,10.3172,10.31894,1.00,1.37
2018.05.17 19:37:11.838,10.31714,10.31894,1.37,1.00
2018.05.17 19:37:11.890,10.31722,10.31904,1.00,1.00
2018.05.17 19:37:12.527,10.31725,10.31904,1.00,1.00
2018.05.17 19:37:13.602,10.31727,10.31904,1.00,1.00
2018.05.17 19:37:30.119,10.31737,10.31914,1.00,1.37
2018.05.17 19:37:30.702,10.31735,10.31914,1.00,1.37
2018.05.17 19:37:31.032,10.31742,10.31914,1.00,1.37
2018.05.17 19:37:33.605,10.31743,10.31914,1.00,1.00
2018.05.17 19:37:33.948,10.31743,10.31935,1.00,1.37
2018.05.17 19:37:34.153,10.31751,10.31935,1.00,1.37
2018.05.17 19:37:34.887,10.3175,10.31935,1.00,1.37
2018.05.17 19:37:35.063,10.31751,10.31935,1.00,1.37
2018.05.17 19:37:38.173,10.3175,10.31935,1.00,1.37
2018.05.17 19:37:38.786,10.31738,10.31941,1.37,1.37
2018.05.17 19:37:39.337,10.31738,10.31934,1.37,1.37
2018.05.17 19:37:45.555,10.31732,10.31928,1.37,1.37
2018.05.17 19:37:57.199,10.3173,10.31931,1.37,1.37
2018.05.17 19:38:01.995,10.3173,10.31934,1.37,1.12
2018.05.17 19:38:03.694,10.3173,10.31935,1.37,1.87
2018.05.17 19:38:04.817,10.31738,10.3194,1.37,1.37
2018.05.17 19:38:06.427,10.31734,10.31929,1.37,1.00
2018.05.17 19:38:07.537,10.31734,10.3194,1.37,1.37
2018.05.17 19:38:08.710,10.31734,10.3194,1.37,1.37
2018.05.17 19:38:10.818,10.31736,10.3194,1.37,1.00
2018.05.17 19:38:16.744,10.31736,10.31938,1.37,1.00
2018.05.17 19:38:21.285,10.31736,10.31938,1.37,1.37
2018.05.17 19:38:21.337,10.31736,10.31934,1.37,1.00
2018.05.17 19:38:23.914,10.31736,10.31934,1.37,1.37
2018.05.17 19:38:30.862,10.31736,10.31934,1.37,1.00
2018.05.17 19:38:31.794,10.31736,10.31943,1.37,1.12
2018.05.17 19:38:32.214,10.31736,10.31943,1.37,1.37
2018.05.17 19:38:36.100,10.31736,10.31934,1.37,1.37
2018.05.17 19:38:37.414,10.31736,10.31934,1.37,1.37
2018.05.17 19:38:39.537,10.31736,10.31943,1.37,1.37
2018.05.17 19:38:42.178,10.31736,10.31943,1.37,1.37
2018.05.17 19:38:43.936,10.31736,10.31943,1.37,1.37
2018.05.17 19:38:46.835,10.31736,10.3194,1.00,1.00
2018.05.17 19:38:46.938,10.31743,10.3194,1.37,1.00
2018.05.17 19:38:48.104,10.31743,10.3194,1.37,1.00
2018.05.17 19:38:52.965,10.31746,10.3194,1.37,1.00
2018.05.17 19:38:53.445,10.31745,10.31949,1.37,1.37
2018.05.17 19:38:54.304,10.31745,10.31949,1.37,1.37
2018.05.17 19:38:56.614,10.31745,10.31949,1.37,1.37
2018.05.17 19:39:02.543,10.31745,10.31947,1.37,1.37
2018.05.17 19:39:11.570,10.31759,10.3195,1.00,1.00
2018.05.17 19:39:12.697,10.3174,10.3195,1.37,1.37
2018.05.17 19:39:12.749,10.3174,10.31944,1.37,1.00
2018.05.17 19:39:15.470,10.3174,10.3195,1.37,1.37
2018.05.17 19:39:18.209,10.3174,10.31944,1.37,1.37
2018.05.17 19:39:34.006,10.31729,10.31941,1.37,1.00
2018.05.17 19:39:36.074,10.31729,10.31941,1.37,1.00
2018.05.17 19:39:38.402,10.31729,10.31945,1.37,1.00
2018.05.17 19:39:38.911,10.31729,10.31945,1.37,1.00
2018.05.17 19:39:44.032,10.31737,10.31927,1.37,1.00
2018.05.17 19:39:45.256,10.31737,10.31937,1.37,1.37
2018.05.17 19:39:45.800,10.31732,10.31926,1.37,1.00
2018.05.17 19:39:46.744,10.31732,10.31929,1.37,1.37
2018.05.17 19:39:47.152,10.31732,10.31929,1.12,1.37
2018.05.17 19:39:48.284,10.31728,10.31929,1.00,1.87
2018.05.17 19:39:49.273,10.31721,10.31924,1.12,1.37
2018.05.17 19:39:50.617,10.3172,10.31921,1.00,1.37
2018.05.17 19:39:56.598,10.31711,10.31921,1.37,1.37
2018.05.17 19:40:03.124,10.31711,10.31915,1.00,1.37
2018.05.17 19:40:06.360,10.31692,10.31915,1.37,1.37
2018.05.17 19:40:07.071,10.31694,10.3192,1.37,1.37
2018.05.17 19:40:07.834,10.31672,10.31913,1.37,1.37
2018.05.17 19:40:15.101,10.31705,10.31923,1.37,1.37
2018.05.17 19:40:15.838,10.31705,10.31914,1.37,1.37
2018.05.17 19:40:16.549,10.31681,10.31911,1.37,1.37
2018.05.17 19:40:17.895,10.31681,10.31905,1.37,1.37
2018.05.17 19:40:19.085,10.31681,10.31905,1.37,1.37
2018.05.17 19:40:20.411,10.31681,10.31905,1.00,1.37
2018.05.17 19:40:20.484,10.31681,10.31905,1.37,1.37
2018.05.17 19:40:22.670,10.31681,10.31914,1.37,1.37
2018.05.17 19:40:27.111,10.31681,10.31912,1.37,1.37
2018.05.17 19:40:27.162,10.31681,10.31905,1.37,1.37
2018.05.17 19:40:27.213,10.31681,10.31905,1.37,1.37
2018.05.17 19:40:31.251,10.31681,10.31905,1.37,1.37
2018.05.17 19:40:35.434,10.31685,10.31905,1.37,1.37
2018.05.17 19:40:37.588,10.3169,10.31906,1.37,1.37
2018.05.17 19:40:37.639,10.3169,10.31906,1.00,1.37
2018.05.17 19:40:38.007,10.31687,10.31905,1.37,1.37
2018.05.17 19:40:39.333,10.31687,10.31905,1.37,1.37
2018.05.17 19:40:40.487,10.31687,10.31905,1.37,1.37
2018.05.17 19:40:42.986,10.31681,10.31905,1.37,1.37
2018.05.17 19:40:49.380,10.31681,10.31904,1.37,1.37
2018.05.17 19:40:50.014,10.31681,10.31904,1.00,1.37
2018.05.17 19:40:50.430,10.31681,10.31904,1.37,1.37
2018.05.17 19:40:53.343,10.31681,10.31904,1.37,1.37
2018.05.17 19:40:58.323,10.31679,10.31904,1.00,1.37
2018.05.17 19:40:58.752,10.31679,10.31904,1.37,1.37
2018.05.17 19:41:04.090,10.31665,10.31902,1.00,1.37
2018.05.17 19:41:04.203,10.31665,10.31902,1.37,1.37
2018.05.17 19:41:08.249,10.31665,10.31897,1.37,1.37
2018.05.17 19:41:11.132,10.31665,10.31894,1.37,1.37
2018.05.17 19:41:12.107,10.31682,10.31894,1.00,1.37
2018.05.17 19:41:12.397,10.31695,10.31894,1.37,1.37
2018.05.17 19:41:12.500,10.31701,10.31894,1.00,1.37
2018.05.17 19:41:14.246,10.31713,10.31904,1.37,1.37
2018.05.17 19:41:17.342,10.31713,10.31904,1.37,1.00
2018.05.17 19:41:18.076,10.3171,10.31904,1.00,1.37
2018.05.17 19:41:18.235,10.3171,10.31904,1.37,1.00
2018.05.17 19:41:19.843,10.31715,10.31904,1.37,1.12
2018.05.17 19:41:22.860,10.31715,10.31904,1.37,1.00
2018.05.17 19:41:24.229,10.31715,10.31904,1.37,1.00
2018.05.17 19:41:25.325,10.31712,10.31904,1.00,1.37
2018.05.17 19:41:25.480,10.31698,10.31904,1.37,1.37
2018.05.17 19:41:25.741,10.31709,10.31904,1.00,1.37
2018.05.17 19:41:26.654,10.31709,10.31904,1.00,1.37
2018.05.17 19:41:28.202,10.31709,10.31904,1.00,1.37
2018.05.17 19:41:28.253,10.31704,10.31894,1.00,1.37
2018.05.17 19:41:30.728,10.31704,10.31894,1.00,1.37
2018.05.17 19:41:33.071,10.31699,10.31884,1.00,1.37
2018.05.17 19:41:33.224,10.31688,10.31884,1.00,1.37
2018.05.17 19:41:36.374,10.31691,10.31884,1.00,1.37
2018.05.17 19:41:36.426,10.31695,10.31884,1.00,1.37
2018.05.17 19:41:36.478,10.31695,10.31894,1.12,1.37
2018.05.17 19:41:36.529,10.31695,10.31894,1.00,1.37
2018.05.17 19:41:36.581,10.31695,10.31894,1.37,1.00
2018.05.17 19:41:36.786,10.31695,10.31905,1.37,1.37
2018.05.17 19:41:37.829,10.31708,10.31905,1.37,1.37
2018.05.17 19:41:39.612,10.31708,10.31905,1.37,1.37
2018.05.17 19:41:43.183,10.31708,10.31905,1.00,1.37
2018.05.17 19:41:43.235,10.31708,10.31905,1.37,1.37
2018.05.17 19:41:44.543,10.31708,10.31905,1.37,1.37
2018.05.17 19:41:46.282,10.31708,10.31894,1.37,1.00
2018.05.17 19:41:46.341,10.31708,10.31894,1.00,1.00
2018.05.17 19:41:46.393,10.31708,10.31894,1.00,1.37
2018.05.17 19:41:50.064,10.31708,10.31894,1.37,1.00
2018.05.17 19:41:57.568,10.31708,10.31894,1.37,1.00
2018.05.17 19:42:00.619,10.31718,10.31894,1.37,1.00
2018.05.17 19:42:01.187,10.31717,10.31902,1.37,1.00
2018.05.17 19:42:02.455,10.3172,10.31902,1.37,1.00
2018.05.17 19:42:07.572,10.31723,10.31902,1.00,1.37
2018.05.17 19:42:08.679,10.31723,10.31902,1.37,1.00
2018.05.17 19:42:12.547,10.31723,10.31902,1.23,1.00
2018.05.17 19:42:13.106,10.31723,10.31902,1.00,1.00
2018.05.17 19:42:13.663,10.3173,10.31902,1.00,1.00
2018.05.17 19:42:16.054,10.31718,10.31902,1.00,1.00
2018.05.17 19:42:34.038,10.31719,10.31902,1.00,1.00
2018.05.17 19:42:34.090,10.31722,10.31902,1.37,1.00
2018.05.17 19:42:42.714,10.31714,10.31902,1.37,1.00
2018.05.17 19:42:42.766,10.31711,10.31902,1.37,1.00
2018.05.17 19:42:44.734,10.3171,10.31902,1.37,1.00
2018.05.17 19:42:57.060,10.31707,10.31902,1.12,1.37
2018.05.17 19:42:59.190,10.31707,10.31894,1.12,1.00
2018.05.17 19:43:09.586,10.31697,10.31894,1.00,1.37
2018.05.17 19:43:11.527,10.31697,10.3188,1.00,1.00
2018.05.17 19:43:20.372,10.31685,10.3188,1.00,1.00
2018.05.17 19:43:20.515,10.31685,10.31894,1.00,1.37
2018.05.17 19:43:21.638,10.31685,10.3188,1.37,1.37
2018.05.17 19:43:22.841,10.31682,10.3188,1.00,1.37
2018.05.17 19:43:24.553,10.31682,10.3188,1.00,1.37
2018.05.17 19:43:27.470,10.31682,10.3188,1.37,1.37
2018.05.17 19:43:28.781,10.31682,10.3188,1.00,1.37
2018.05.17 19:43:29.892,10.31681,10.3188,1.00,1.37
2018.05.17 19:43:32.716,10.31681,10.3188,1.00,1.37
2018.05.17 19:43:39.518,10.31669,10.3188,1.37,1.37
2018.05.17 19:43:40.942,10.31669,10.3188,1.37,1.37
2018.05.17 19:43:42.443,10.31669,10.3188,1.37,1.37
2018.05.17 19:43:53.234,10.31668,10.31874,1.00,1.37
2018.05.17 19:43:53.285,10.31668,10.31874,1.37,1.37
2018.05.17 19:43:54.588,10.31668,10.3188,1.37,1.37
2018.05.17 19:43:56.762,10.31668,10.3188,1.37,1.37
2018.05.17 19:43:58.046,10.31668,10.3188,1.37,1.37
2018.05.17 19:43:59.339,10.31662,10.31854,1.37,1.00
2018.05.17 19:43:59.391,10.31662,10.31873,1.37,1.37
2018.05.17 19:43:59.445,10.31662,10.31873,1.00,1.37
2018.05.17 19:43:59.910,10.31662,10.31846,1.00,1.00
2018.05.17 19:44:00.134,10.31657,10.31846,1.37,1.00
2018.05.17 19:44:00.574,10.31657,10.31846,1.37,1.00
2018.05.17 19:44:01.335,10.31657,10.31834,1.37,1.00
2018.05.17 19:44:01.437,10.3165,10.31834,1.00,1.00
2018.05.17 19:44:07.129,10.31646,10.31834,1.00,1.00
2018.05.17 19:44:07.642,10.31645,10.31834,1.00,1.00
2018.05.17 19:44:08.779,10.31645,10.31844,1.00,1.12
2018.05.17 19:44:08.830,10.31645,10.31834,1.00,1.00
2018.05.17 19:44:09.868,10.31645,10.31847,1.00,1.37
2018.05.17 19:44:09.920,10.31642,10.31847,1.00,1.37
2018.05.17 19:44:09.972,10.31641,10.31847,1.00,1.35
2018.05.17 19:44:10.024,10.31641,10.31847,1.00,1.72
2018.05.17 19:44:11.176,10.31641,10.31826,1.00,1.37
2018.05.17 19:44:12.969,10.31641,10.31826,1.00,1.37
2018.05.17 19:44:14.211,10.31641,10.31826,1.00,1.00
2018.05.17 19:44:14.624,10.31641,10.31826,1.00,1.37
2018.05.17 19:44:30.085,10.31641,10.31826,1.00,1.30
2018.05.17 19:44:43.418,10.31641,10.31826,1.00,1.12
2018.05.17 19:44:52.138,10.31641,10.31826,1.37,1.00
2018.05.17 19:44:53.432,10.31641,10.31826,1.00,1.00
2018.05.17 19:44:57.493,10.31641,10.31826,1.37,1.00
2018.05.17 19:44:57.690,10.31634,10.31826,1.12,1.37
2018.05.17 19:45:00.243,10.31634,10.31826,1.37,1.37
2018.05.17 19:45:01.476,10.31634,10.31826,1.37,1.00
2018.05.17 19:45:02.608,10.31635,10.31826,1.37,1.00
2018.05.17 19:45:06.326,10.31635,10.31859,1.37,1.72
2018.05.17 19:45:09.586,10.31641,10.3185,1.37,1.37
2018.05.17 19:45:11.062,10.31641,10.3185,1.37,1.37
2018.05.17 19:45:22.584,10.31641,10.3185,1.37,1.37
2018.05.17 19:45:26.997,10.31641,10.3185,1.37,1.37
2018.05.17 19:45:30.056,10.31641,10.3185,1.37,1.37
2018.05.17 19:45:36.500,10.31641,10.3185,1.37,1.37
2018.05.17 19:45:38.210,10.31641,10.3185,1.37,1.37
2018.05.17 19:45:41.710,10.31641,10.3185,1.37,1.37
2018.05.17 19:45:59.966,10.31641,10.31828,1.37,1.00
2018.05.17 19:46:07.758,10.31641,10.31828,1.37,1.00
2018.05.17 19:46:09.542,10.31641,10.31828,1.37,1.00
2018.05.17 19:46:26.510,10.31637,10.31828,1.37,1.00
2018.05.17 19:46:27.949,10.31637,10.31828,1.37,1.00
2018.05.17 19:46:46.436,10.31637,10.31828,1.37,1.00
2018.05.17 19:46:50.065,10.31637,10.31828,1.37,1.00
2018.05.17 19:47:00.252,10.31637,10.31834,1.37,1.00
2018.05.17 19:47:02.292,10.31637,10.31859,1.37,1.97
2018.05.17 19:47:06.479,10.31637,10.31834,1.37,1.00
2018.05.17 19:47:30.102,10.31636,10.31834,1.37,1.00
2018.05.17 19:47:47.685,10.31637,10.31844,1.37,1.37
2018.05.17 19:47:48.387,10.31637,10.31844,1.37,1.37
2018.05.17 19:47:49.752,10.31637,10.31844,1.37,1.37
2018.05.17 19:47:56.885,10.31637,10.31844,1.37,1.37
2018.05.17 19:48:08.632,10.31637,10.31844,1.37,1.37
2018.05.17 19:48:22.277,10.31637,10.31844,1.37,1.37
2018.05.17 19:48:27.788,10.31637,10.31844,1.37,1.37
2018.05.17 19:48:32.909,10.31637,10.31844,1.37,1.37
2018.05.17 19:48:45.088,10.31637,10.31834,1.37,1.00
2018.05.17 19:48:45.665,10.3164,10.31834,1.37,1.00
2018.05.17 19:48:47.738,10.31635,10.31834,1.37,1.37
2018.05.17 19:48:50.066,10.31635,10.31834,1.37,1.37
2018.05.17 19:48:54.589,10.31635,10.31834,1.37,1.37
2018.05.17 19:48:58.597,10.31635,10.31834,1.37,1.37
2018.05.17 19:49:00.052,10.31635,10.31834,1.37,1.37
2018.05.17 19:49:00.739,10.31635,10.31824,1.37,1.00
2018.05.17 19:49:01.950,10.31635,10.31824,1.37,1.12
2018.05.17 19:49:08.454,10.31634,10.31834,1.37,1.37
2018.05.17 19:49:26.464,10.31634,10.31824,1.37,1.00
2018.05.17 19:49:26.574,10.31634,10.31824,1.37,1.00
2018.05.17 19:49:28.044,10.31635,10.31824,1.37,1.00
2018.05.17 19:49:38.081,10.31635,10.31824,1.23,1.00
2018.05.17 19:49:39.085,10.31635,10.31824,1.00,1.37
2018.05.17 19:50:00.304,10.3163,10.31824,1.00,1.37
2018.05.17 19:50:01.951,10.31633,10.31827,1.00,1.37
2018.05.17 19:50:03.406,10.31633,10.31827,1.37,1.00
2018.05.17 19:50:03.458,10.31633,10.31827,1.00,1.37
2018.05.17 19:50:03.800,10.31638,10.31827,1.00,1.37
2018.05.17 19:50:04.470,10.31638,10.31827,1.00,1.37
2018.05.17 19:50:06.105,10.31638,10.31827,1.00,1.37
2018.05.17 19:50:20.418,10.31637,10.31872,1.00,1.97
2018.05.17 19:50:24.587,10.31637,10.31872,1.00,1.97
2018.05.17 19:50:29.912,10.31637,10.31872,1.00,1.97
2018.05.17 19:50:40.881,10.31638,10.31864,1.00,1.97
2018.05.17 19:50:44.401,10.31638,10.31864,1.00,1.97
2018.05.17 19:51:30.087,10.31638,10.31864,1.00,1.97
2018.05.17 19:51:30.892,10.31636,10.31834,1.00,1.37
2018.05.17 19:51:31.464,10.31636,10.31814,1.00,1.00
2018.05.17 19:51:31.975,10.31631,10.31805,1.00,1.00
2018.05.17 19:51:33.544,10.3163,10.31824,1.00,1.37
2018.05.17 19:51:33.647,10.3163,10.31848,1.00,1.97
2018.05.17 19:51:35.880,10.3163,10.31848,1.00,1.97
2018.05.17 19:52:08.970,10.3163,10.31849,1.00,1.97
2018.05.17 19:52:11.307,10.3163,10.31849,1.00,1.97
2018.05.17 19:52:11.359,10.31622,10.31833,1.00,1.37
2018.05.17 19:52:11.555,10.31625,10.31846,1.00,1.97
2018.05.17 19:52:12.463,10.31625,10.31846,1.00,1.97
2018.05.17 19:52:26.653,10.31625,10.31846,1.00,1.97
2018.05.17 19:52:27.888,10.31625,10.31846,1.00,1.97
2018.05.17 19:52:31.535,10.31626,10.31845,1.00,1.97
2018.05.17 19:52:32.913,10.31626,10.31845,1.00,1.97
2018.05.17 19:52:37.626,10.31626,10.31845,1.00,1.72
2018.05.17 19:52:39.705,10.31626,10.31845,1.00,1.97
2018.05.17 19:52:39.927,10.31623,10.31814,1.00,1.37
2018.05.17 19:52:40.835,10.31623,10.31814,1.00,1.37
2018.05.17 19:52:42.972,10.31631,10.31834,1.00,1.30
2018.05.17 19:52:43.075,10.31631,10.31834,1.37,1.30
2018.05.17 19:52:43.139,10.31644,10.31834,1.00,1.30
2018.05.17 19:52:43.194,10.31636,10.31834,1.12,1.30
2018.05.17 19:52:43.298,10.3164,10.31834,1.00,1.30
2018.05.17 19:52:50.705,10.3164,10.31834,1.37,1.00
2018.05.17 19:52:52.076,10.3164,10.31801,1.37,1.00
2018.05.17 19:52:57.044,10.31638,10.31821,1.37,1.00
2018.05.17 19:52:58.688,10.31621,10.31821,1.37,1.00
2018.05.17 19:53:00.977,10.31605,10.31813,1.37,1.00
2018.05.17 19:53:01.288,10.31605,10.31794,1.37,1.00
2018.05.17 19:53:03.172,10.31605,10.31794,1.37,1.00
2018.05.17 19:53:04.380,10.31605,10.31794,1.37,1.00
2018.05.17 19:53:04.966,10.31605,10.31774,1.37,1.00
2018.05.17 19:53:05.477,10.31591,10.31768,1.37,1.00
2018.05.17 19:53:05.631,10.31577,10.31766,1.37,1.00
2018.05.17 19:53:05.950,10.31577,10.31751,1.37,1.00
2018.05.17 19:53:06.655,10.31577,10.31751,1.37,1.00
2018.05.17 19:53:09.240,10.31577,10.31751,1.37,1.00
2018.05.17 19:53:09.293,10.31577,10.31751,1.37,1.00
2018.05.17 19:53:10.419,10.31571,10.31751,1.37,1.00
2018.05.17 19:53:12.150,10.31571,10.31771,1.37,1.00
2018.05.17 19:53:13.895,10.31571,10.31771,1.37,1.00
2018.05.17 19:53:19.623,10.31571,10.31771,1.37,1.00
2018.05.17 19:53:20.765,10.31571,10.31771,1.37,1.00
2018.05.17 19:53:23.230,10.31571,10.31771,1.37,1.00
2018.05.17 19:53:30.097,10.31571,10.31771,1.37,1.00
2018.05.17 19:53:36.528,10.31552,10.31769,1.00,1.37
2018.05.17 19:53:36.660,10.31505,10.31746,1.37,1.87
2018.05.17 19:53:36.712,10.31462,10.31687,1.37,1.37
2018.05.17 19:53:36.765,10.31422,10.31665,1.00,1.37
2018.05.17 19:53:36.817,10.31406,10.31654,1.00,1.97
2018.05.17 19:53:36.869,10.314,10.31648,1.00,1.97
2018.05.17 19:53:36.922,10.31358,10.31636,1.47,1.97
2018.05.17 19:53:36.975,10.31347,10.31572,1.37,1.30
2018.05.17 19:53:37.184,10.31236,10.31529,1.37,1.35
2018.05.17 19:53:37.237,10.31246,10.31529,1.12,1.35
2018.05.17 19:53:37.548,10.31226,10.31496,1.00,2.10
2018.05.17 19:53:37.958,10.31226,10.31494,1.37,1.97
2018.05.17 19:53:38.805,10.31216,10.31474,1.37,1.37
2018.05.17 19:53:41.695,10.31226,10.31461,1.37,1.37
2018.05.17 19:53:41.747,10.31226,10.31461,1.37,1.37
2018.05.17 19:53:43.844,10.31226,10.31461,1.12,1.37
2018.05.17 19:53:45.514,10.31196,10.31443,1.37,1.37
2018.05.17 19:53:45.823,10.31196,10.31427,1.00,1.97
2018.05.17 19:53:46.079,10.31176,10.31438,1.37,1.97
2018.05.17 19:53:46.957,10.31176,10.31416,1.37,1.37
2018.05.17 19:53:48.168,10.31176,10.31416,1.37,1.37
2018.05.17 19:53:49.307,10.31176,10.31403,1.37,1.37
2018.05.17 19:53:50.623,10.31176,10.31395,1.00,1.37
2018.05.17 19:53:54.048,10.31166,10.31385,1.37,1.37
2018.05.17 19:53:55.191,10.31166,10.31376,1.00,1.37
2018.05.17 19:53:56.344,10.31166,10.31388,1.37,1.37
2018.05.17 19:53:56.396,10.31176,10.31388,1.00,1.01
2018.05.17 19:53:56.744,10.3118,10.31398,1.37,1.01
2018.05.17 19:53:56.847,10.3118,10.31411,1.37,1.01
2018.05.17 19:53:56.899,10.31203,10.31434,1.00,1.01
2018.05.17 19:53:56.951,10.31203,10.31434,1.37,1.01
2018.05.17 19:53:57.055,10.31192,10.31434,1.37,1.01
2018.05.17 19:53:57.362,10.31231,10.31461,1.37,1.01
2018.05.17 19:53:58.442,10.31231,10.31461,1.37,1.37
2018.05.17 19:53:58.868,10.31247,10.31462,1.37,1.37
2018.05.17 19:53:58.920,10.31218,10.31462,1.37,1.37
2018.05.17 19:53:59.178,10.31221,10.31462,1.37,1.37
2018.05.17 19:53:59.838,10.31221,10.31462,1.37,1.37
2018.05.17 19:54:00.182,10.31231,10.31462,1.37,1.37
2018.05.17 19:54:01.166,10.31232,10.31462,1.37,1.37
2018.05.17 19:54:02.651,10.3124,10.31472,1.37,1.37
2018.05.17 19:54:05.071,10.3124,10.31472,1.37,1.37
2018.05.17 19:54:14.568,10.31236,10.31469,1.37,1.37
2018.05.17 19:54:16.421,10.31242,10.31469,1.37,1.37
2018.05.17 19:54:25.715,10.31237,10.31463,1.00,1.37
2018.05.17 19:54:25.988,10.31237,10.31463,1.37,1.37
2018.05.17 19:54:27.420,10.31244,10.31471,1.37,1.37
2018.05.17 19:54:28.858,10.31244,10.31471,1.00,1.37
2018.05.17 19:54:28.909,10.31244,10.31471,1.37,1.37
2018.05.17 19:54:30.064,10.31252,10.31471,1.37,1.37
2018.05.17 19:54:31.917,10.31252,10.31471,1.37,1.37
2018.05.17 19:54:32.475,10.31271,10.31487,1.00,1.37
2018.05.17 19:54:32.578,10.31257,10.31487,1.37,1.37
2018.05.17 19:54:33.643,10.31257,10.31487,1.37,1.37
2018.05.17 19:54:33.695,10.31257,10.31487,1.00,1.37
2018.05.17 19:54:33.746,10.31271,10.31499,1.00,1.37
2018.05.17 19:54:34.058,10.31263,10.31489,1.37,1.37
2018.05.17 19:54:34.628,10.31258,10.31491,1.37,1.37
2018.05.17 19:54:35.797,10.31258,10.31491,1.37,1.37
2018.05.17 19:54:38.863,10.31279,10.31502,1.37,1.37
2018.05.17 19:54:38.914,10.31279,10.31502,1.37,1.37
2018.05.17 19:54:38.966,10.31279,10.31502,1.37,1.37
2018.05.17 19:54:44.632,10.31276,10.31502,1.37,1.37
2018.05.17 19:54:46.173,10.31276,10.31502,1.37,1.37
2018.05.17 19:54:53.387,10.31276,10.31505,1.37,1.37
2018.05.17 19:54:53.438,10.3128,10.31509,1.37,1.37
2018.05.17 19:54:53.804,10.31279,10.31509,1.37,1.37
2018.05.17 19:54:55.456,10.31279,10.31509,1.37,1.37
2018.05.17 19:54:55.507,10.31279,10.31509,1.37,1.37
2018.05.17 19:54:57.064,10.3128,10.31509,1.37,1.37
2018.05.17 19:55:00.086,10.3128,10.31509,1.37,1.37
2018.05.17 19:55:00.205,10.3128,10.31509,1.37,1.37
2018.05.17 19:55:01.847,10.3128,10.31503,1.37,1.37
2018.05.17 19:55:02.668,10.31292,10.31503,1.37,1.37
2018.05.17 19:55:03.055,10.31284,10.31503,1.37,1.37
2018.05.17 19:55:03.106,10.31284,10.31503,1.37,1.37
2018.05.17 19:55:04.175,10.3128,10.31503,1.37,1.37
2018.05.17 19:55:04.805,10.31282,10.31503,1.37,1.37
2018.05.17 19:55:05.062,10.31282,10.31514,1.37,1.37
2018.05.17 19:55:05.115,10.31282,10.31514,1.37,1.37
2018.05.17 19:55:06.272,10.31307,10.31524,1.37,1.37
2018.05.17 19:55:07.530,10.31307,10.31524,1.37,1.37
2018.05.17 19:55:07.711,10.31308,10.31524,1.37,1.37
2018.05.17 19:55:07.763,10.31308,10.31524,1.00,1.37
2018.05.17 19:55:07.866,10.31308,10.31524,1.37,1.37
2018.05.17 19:55:07.968,10.31308,10.31524,1.37,1.37
2018.05.17 19:55:08.598,10.31295,10.31518,1.37,1.37
2018.05.17 19:55:11.052,10.31295,10.31518,1.00,1.37
2018.05.17 19:55:11.105,10.31295,10.31518,1.37,1.37
2018.05.17 19:55:12.430,10.31295,10.31514,1.37,1.37
2018.05.17 19:55:13.577,10.31295,10.31514,1.37,1.37
2018.05.17 19:55:14.935,10.31295,10.31514,1.37,1.37
2018.05.17 19:55:18.511,10.31295,10.31518,1.37,1.37
2018.05.17 19:55:19.335,10.31287,10.31518,1.37,1.37
2018.05.17 19:55:28.749,10.31264,10.31514,1.37,1.37
2018.05.17 19:55:29.712,10.31264,10.31514,1.37,1.37
2018.05.17 19:55:30.045,10.31264,10.31514,1.37,1.37
2018.05.17 19:55:30.713,10.3126,10.31508,1.75,1.37
2018.05.17 19:55:30.765,10.3126,10.31508,1.75,1.37
2018.05.17 19:55:30.817,10.3126,10.31508,1.75,1.37
2018.05.17 19:55:35.116,10.31287,10.31512,1.37,1.37
2018.05.17 19:55:35.169,10.31287,10.31512,1.00,1.37
2018.05.17 19:55:35.745,10.31287,10.31512,1.37,1.37
2018.05.17 19:55:37.672,10.31298,10.31512,1.00,1.37
2018.05.17 19:55:37.724,10.31298,10.31512,1.37,1.37
2018.05.17 19:55:42.805,10.31298,10.31523,1.37,1.37
2018.05.17 19:55:43.042,10.31314,10.31536,1.37,1.37
2018.05.17 19:55:44.158,10.31314,10.31533,1.37,1.37
2018.05.17 19:55:55.691,10.31314,10.31535,1.37,1.37
2018.05.17 19:56:00.075,10.31314,10.31535,1.37,1.37
2018.05.17 19:56:05.506,10.31315,10.31533,1.37,1.37
2018.05.17 19:56:18.046,10.31315,10.31533,1.37,1.37
2018.05.17 19:56:38.408,10.31315,10.31533,1.37,1.37
2018.05.17 19:56:44.331,10.31315,10.31533,1.37,1.37
2018.05.17 19:56:44.384,10.3131,10.31533,1.37,1.37
2018.05.17 19:56:45.320,10.3131,10.31533,1.37,1.37
2018.05.17 19:56:45.633,10.3131,10.31533,1.37,1.37
2018.05.17 19:56:46.147,10.31309,10.31533,1.37,1.37
2018.05.17 19:56:49.409,10.31307,10.31534,1.37,1.37
2018.05.17 19:56:49.893,10.31307,10.31534,1.37,1.37
2018.05.17 19:56:50.583,10.31308,10.31534,1.37,1.12
2018.05.17 19:56:51.707,10.31308,10.31534,1.37,1.37
2018.05.17 19:57:00.105,10.31308,10.31537,1.37,1.37
2018.05.17 19:57:05.036,10.31305,10.31537,1.37,1.37
2018.05.17 19:57:05.353,10.31305,10.31537,1.37,1.37
2018.05.17 19:57:11.286,10.31299,10.31519,1.37,1.00
2018.05.17 19:57:11.338,10.31299,10.31519,1.37,1.37
2018.05.17 19:57:13.801,10.31294,10.31509,1.37,1.30
2018.05.17 19:57:14.135,10.31294,10.31509,1.37,1.30
2018.05.17 19:57:17.745,10.31294,10.31511,1.37,1.37
2018.05.17 19:57:22.040,10.31294,10.31511,1.37,1.37
2018.05.17 19:57:24.165,10.31308,10.31523,1.37,1.37
2018.05.17 19:57:25.041,10.31302,10.31523,1.37,1.12
2018.05.17 19:57:28.040,10.31302,10.31523,1.37,1.00
2018.05.17 19:57:29.957,10.31302,10.31523,1.37,1.00
2018.05.17 19:57:30.460,10.31302,10.31523,1.37,1.37
2018.05.17 19:57:31.746,10.31302,10.3152,1.37,1.00
2018.05.17 19:57:35.753,10.31305,10.3152,1.37,1.00
2018.05.17 19:57:35.805,10.31305,10.3152,1.00,1.00
2018.05.17 19:57:35.960,10.31305,10.3152,1.37,1.00
2018.05.17 19:57:36.306,10.31305,10.3152,1.37,1.37
2018.05.17 19:57:36.510,10.31305,10.3152,1.00,1.37
2018.05.17 19:57:36.945,10.31305,10.3152,1.37,1.00
2018.05.17 19:57:37.106,10.31308,10.3152,1.37,1.00
2018.05.17 19:57:37.574,10.31308,10.3152,1.37,1.00
2018.05.17 19:57:38.406,10.31308,10.31525,1.37,1.00
2018.05.17 19:57:40.779,10.31308,10.31525,1.37,1.00
2018.05.17 19:57:46.747,10.31308,10.31522,1.37,1.00
2018.05.17 19:57:47.535,10.31308,10.31522,1.37,1.00
2018.05.17 19:57:50.630,10.31308,10.31522,1.37,1.37
2018.05.17 19:57:52.556,10.31308,10.31522,1.37,1.00
2018.05.17 19:57:53.138,10.31315,10.31522,1.37,1.00
2018.05.17 19:57:53.429,10.31315,10.31524,1.37,1.00
2018.05.17 19:57:55.280,10.31317,10.31524,1.37,1.00
2018.05.17 19:58:01.746,10.31309,10.31525,1.37,1.12
2018.05.17 19:58:03.635,10.31311,10.31525,1.37,1.00
2018.05.17 19:58:03.687,10.31311,10.31525,1.37,1.00
2018.05.17 19:58:03.795,10.31311,10.31525,1.37,1.37
2018.05.17 19:58:04.104,10.31312,10.31525,1.37,1.00
2018.05.17 19:58:05.312,10.31312,10.31525,1.37,1.00
2018.05.17 19:58:08.404,10.31312,10.31534,1.37,1.37
2018.05.17 19:58:08.506,10.31312,10.31534,1.37,1.37
2018.05.17 19:58:11.775,10.31312,10.31534,1.37,1.37
2018.05.17 19:58:29.734,10.31312,10.31533,1.37,1.00
2018.05.17 19:58:30.014,10.31312,10.31533,1.37,1.37
2018.05.17 19:58:35.570,10.31321,10.31531,1.37,1.00
2018.05.17 19:58:35.621,10.31321,10.31542,1.37,1.37
2018.05.17 19:58:39.986,10.31321,10.31538,1.37,1.12
2018.05.17 19:58:47.815,10.31298,10.31473,1.00,2.47
2018.05.17 19:58:47.920,10.3121,10.31416,1.37,2.10
2018.05.17 19:58:47.972,10.31217,10.31422,1.37,2.10
2018.05.17 19:58:48.077,10.31225,10.31419,1.37,2.10
2018.05.17 19:58:48.180,10.31225,10.31422,1.37,2.10
2018.05.17 19:58:48.232,10.31256,10.31422,1.00,2.10
2018.05.17 19:58:48.723,10.31243,10.31422,1.00,2.10
2018.05.17 19:58:48.878,10.31243,10.31426,1.00,2.85
2018.05.17 19:58:49.919,10.31243,10.31422,1.00,2.10
2018.05.17 19:58:52.568,10.31239,10.31422,1.00,2.47
2018.05.17 19:58:55.062,10.31239,10.31424,1.00,1.97
2018.05.17 19:58:55.115,10.31229,10.31421,1.00,2.47
2018.05.17 19:58:55.168,10.31229,10.31424,1.00,1.97
2018.05.17 19:58:55.616,10.31222,10.31424,1.00,1.97
2018.05.17 19:58:55.792,10.31222,10.31424,1.00,1.97
2018.05.17 19:58:56.245,10.31222,10.31418,1.00,2.47
2018.05.17 19:58:56.297,10.31217,10.31416,1.00,1.97
2018.05.17 19:58:57.046,10.31217,10.31416,1.00,1.97
2018.05.17 19:58:59.311,10.31217,10.31411,1.00,3.22
2018.05.17 19:58:59.438,10.31217,10.31411,1.00,1.97
2018.05.17 19:58:59.490,10.31222,10.31411,1.00,1.97
2018.05.17 19:58:59.542,10.31222,10.31411,1.00,1.97
2018.05.17 19:58:59.700,10.31217,10.31411,1.00,1.97
2018.05.17 19:59:00.155,10.31217,10.31411,1.00,1.97
2018.05.17 19:59:02.121,10.31217,10.31416,1.00,1.97
2018.05.17 19:59:02.921,10.31217,10.31416,1.00,3.22
2018.05.17 19:59:03.023,10.31217,10.31416,1.00,1.97
2018.05.17 19:59:03.726,10.31217,10.31416,1.00,2.47
2018.05.17 19:59:04.053,10.31217,10.31419,1.00,2.47
2018.05.17 19:59:05.351,10.31217,10.31416,1.00,2.47
2018.05.17 19:59:05.463,10.31217,10.31419,1.00,2.47
2018.05.17 19:59:12.480,10.31217,10.31416,1.00,2.47
2018.05.17 19:59:17.452,10.31217,10.31422,1.00,2.47
2018.05.17 19:59:17.504,10.31217,10.31419,1.00,2.47
2018.05.17 19:59:17.852,10.31223,10.31422,1.00,2.47
2018.05.17 19:59:18.822,10.31223,10.31425,1.00,2.47
2018.05.17 19:59:19.373,10.31223,10.31425,1.00,2.47
2018.05.17 19:59:20.415,10.31223,10.31422,1.00,2.47
2018.05.17 19:59:20.572,10.31223,10.3143,1.00,2.47
2018.05.17 19:59:21.657,10.31223,10.31434,1.00,2.47
2018.05.17 19:59:31.528,10.31223,10.31434,1.00,2.47
2018.05.17 19:59:33.802,10.31223,10.3143,1.00,2.47
2018.05.17 19:59:34.113,10.31218,10.31423,1.00,2.47
2018.05.17 19:59:38.459,10.31218,10.31418,1.00,1.97
2018.05.17 19:59:38.510,10.31218,10.31424,1.00,2.47
2018.05.17 19:59:44.810,10.31218,10.31418,1.00,1.97
2018.05.17 19:59:49.313,10.31218,10.31374,1.00,1.00
2018.05.17 19:59:54.340,10.31218,10.31384,1.00,1.00
2018.05.17 19:59:55.113,10.31218,10.31374,1.00,1.00
2018.05.17 19:59:57.652,10.31218,10.31384,1.00,1.00
2018.05.17 19:59:59.074,10.31218,10.31394,1.00,1.00
2018.05.17 19:59:59.761,10.31223,10.31394,1.00,1.00
