2010.08.25 05:00:01.011,9.4508,9.4543,1.00,1.00
2010.08.25 05:00:03.273,9.452,9.45475,1.00,1.60
2010.08.25 05:00:51.159,9.452,9.45475,1.00,1.60
2010.08.25 05:01:20.711,9.4523,9.45475,1.00,1.60
2010.08.25 05:02:20.378,9.4522,9.45475,1.00,1.60
2010.08.25 05:02:20.550,9.4522,9.45475,1.00,1.60
2010.08.25 05:02:33.332,9.452,9.45475,1.00,1.60
2010.08.25 05:02:33.610,9.4522,9.45475,1.00,1.60
2010.08.25 05:02:40.674,9.4523,9.45475,1.00,1.60
2010.08.25 05:03:40.702,9.45055,9.45475,1.60,1.60
2010.08.25 05:06:21.700,9.4521,9.45475,1.00,1.60
2010.08.25 05:07:31.211,9.4511,9.45475,1.00,1.60
2010.08.25 05:07:31.302,9.4511,9.4532,1.00,1.60
2010.08.25 05:07:35.959,9.4513,9.453,1.00,1.60
2010.08.25 05:07:36.111,9.4513,9.453,1.00,1.60
2010.08.25 05:08:04.834,9.4513,9.45495,1.00,2.40
2010.08.25 05:08:05.948,9.4519,9.45475,1.00,2.40
2010.08.25 05:08:06.113,9.4519,9.45475,1.00,2.40
2010.08.25 05:08:07.287,9.4521,9.45475,1.00,2.40
2010.08.25 05:08:07.981,9.4522,9.45475,1.00,2.40
2010.08.25 05:08:09.013,9.4523,9.45475,1.00,2.40
2010.08.25 05:08:23.634,9.4511,9.45395,1.00,1.00
2010.08.25 05:08:23.865,9.4511,9.4534,1.00,1.60
2010.08.25 05:08:45.230,9.4512,9.4532,1.00,1.60
2010.08.25 05:08:45.573,9.4513,9.4532,1.00,1.60
2010.08.25 05:08:53.199,9.4512,9.4532,1.00,1.60
2010.08.25 05:08:56.292,9.4513,9.4532,1.00,1.60
2010.08.25 05:09:04.804,9.4512,9.4532,1.00,1.60
2010.08.25 05:09:08.806,9.4513,9.4532,1.00,1.60
2010.08.25 05:09:24.014,9.4513,9.4545,1.00,1.00
2010.08.25 05:09:24.193,9.4513,9.4548,1.00,1.00
2010.08.25 05:09:24.668,9.4513,9.45495,1.00,2.40
2010.08.25 05:09:24.913,9.4519,9.45495,1.00,2.40
2010.08.25 05:09:25.023,9.4519,9.45475,1.00,2.40
2010.08.25 05:09:26.365,9.4521,9.45475,1.00,2.40
2010.08.25 05:09:27.065,9.4522,9.45475,1.00,2.40
2010.08.25 05:09:28.059,9.4523,9.45475,1.00,2.40
2010.08.25 05:10:24.352,9.4523,9.45475,1.00,1.60
2010.08.25 05:10:28.106,9.45055,9.45475,1.60,1.60
2010.08.25 05:12:30.975,9.452,9.45475,1.00,1.60
2010.08.25 05:13:32.372,9.45055,9.45475,1.60,1.60
2010.08.25 05:16:54.857,9.4521,9.45475,1.00,1.60
2010.08.25 05:17:56.851,9.45055,9.45475,1.60,1.60
2010.08.25 05:18:28.701,9.4521,9.45475,1.00,1.60
2010.08.25 05:19:28.982,9.45055,9.45475,1.60,1.60
2010.08.25 05:19:44.752,9.452,9.45475,1.00,1.60
2010.08.25 05:20:45.483,9.45055,9.45475,1.60,1.60
2010.08.25 05:20:46.782,9.4521,9.45525,1.00,1.60
2010.08.25 05:20:47.046,9.4521,9.45525,1.00,2.40
2010.08.25 05:21:14.036,9.4522,9.45525,1.00,2.40
2010.08.25 05:21:19.166,9.4523,9.45525,1.00,2.40
2010.08.25 05:21:19.513,9.4522,9.45525,1.00,2.40
2010.08.25 05:21:48.453,9.4522,9.45525,1.00,1.60
2010.08.25 05:21:54.902,9.4523,9.45525,1.00,1.60
2010.08.25 05:21:57.182,9.4522,9.45525,1.00,1.60
2010.08.25 05:22:56.740,9.45075,9.45525,1.00,1.60
2010.08.25 05:25:29.034,9.4521,9.45525,1.00,1.60
2010.08.25 05:25:29.375,9.4519,9.45525,1.00,1.60
2010.08.25 05:26:29.441,9.45065,9.45525,1.00,1.60
2010.08.25 05:26:47.372,9.45065,9.4531,1.00,2.40
2010.08.25 05:26:47.526,9.45065,9.45565,1.00,2.40
2010.08.25 05:26:50.857,9.4516,9.45525,1.00,2.40
2010.08.25 05:26:52.175,9.4523,9.45525,1.00,2.40
2010.08.25 05:26:52.377,9.4523,9.45525,1.00,1.60
2010.08.25 05:26:53.034,9.4526,9.45525,1.00,1.60
2010.08.25 05:26:54.124,9.4527,9.45525,1.00,1.60
2010.08.25 05:26:55.145,9.4528,9.45525,1.00,1.60
2010.08.25 05:27:57.086,9.45105,9.45525,1.60,1.60
2010.08.25 05:28:20.708,9.4526,9.45525,1.00,1.60
2010.08.25 05:28:21.055,9.4525,9.45525,1.00,1.60
2010.08.25 05:28:50.787,9.4528,9.45525,1.00,1.60
2010.08.25 05:29:12.908,9.4527,9.45525,1.00,1.60
2010.08.25 05:29:14.212,9.4528,9.45525,1.00,1.60
2010.08.25 05:29:17.461,9.4527,9.45525,1.00,1.60
2010.08.25 05:29:17.736,9.4528,9.45525,1.00,1.60
2010.08.25 05:29:21.096,9.4527,9.45525,1.00,1.60
2010.08.25 05:29:21.892,9.4528,9.45525,1.00,1.60
2010.08.25 05:29:22.192,9.4527,9.45525,1.00,1.60
2010.08.25 05:29:22.493,9.4528,9.45525,1.00,1.60
2010.08.25 05:30:19.882,9.4527,9.45525,1.00,1.60
2010.08.25 05:30:20.363,9.4527,9.45585,1.00,1.00
2010.08.25 05:30:20.711,9.4527,9.45645,1.00,2.40
2010.08.25 05:30:21.060,9.4528,9.45645,1.00,2.40
2010.08.25 05:30:25.372,9.4529,9.45645,1.00,2.40
2010.08.25 05:30:27.269,9.4531,9.45645,1.00,2.40
2010.08.25 05:30:28.181,9.4532,9.45645,1.00,2.40
2010.08.25 05:30:29.067,9.4533,9.45645,1.00,2.40
2010.08.25 05:30:31.130,9.4533,9.45645,1.00,1.60
2010.08.25 05:30:33.039,9.454,9.45645,1.00,1.60
2010.08.25 05:30:34.016,9.4542,9.45645,1.00,1.60
2010.08.25 05:30:34.985,9.4543,9.45645,1.00,1.60
2010.08.25 05:30:35.952,9.4544,9.45645,1.00,1.60
2010.08.25 05:30:49.556,9.4544,9.45645,1.00,2.40
2010.08.25 05:30:49.758,9.4531,9.45645,1.00,2.40
2010.08.25 05:30:49.957,9.45305,9.45565,1.60,1.00
2010.08.25 05:30:50.156,9.4527,9.45565,1.00,1.00
2010.08.25 05:30:50.996,9.4529,9.4564,1.00,1.00
2010.08.25 05:30:52.426,9.45385,9.4566,1.60,1.60
2010.08.25 05:30:53.934,9.4541,9.4566,1.00,1.60
2010.08.25 05:30:54.925,9.4546,9.4566,1.00,1.60
2010.08.25 05:30:55.913,9.4549,9.4566,1.00,1.60
2010.08.25 05:30:57.240,9.45575,9.4566,1.00,1.60
2010.08.25 05:30:57.456,9.45575,9.45735,1.00,1.00
2010.08.25 05:30:58.916,9.4546,9.45735,1.00,1.00
2010.08.25 05:30:59.073,9.4556,9.45735,1.00,1.00
2010.08.25 05:30:59.197,9.4556,9.4594,1.00,1.00
2010.08.25 05:30:59.994,9.4559,9.4594,1.00,1.00
2010.08.25 05:31:01.450,9.4562,9.4592,1.00,1.00
2010.08.25 05:31:01.992,9.4563,9.4592,1.00,1.00
2010.08.25 05:31:06.503,9.4567,9.4592,1.00,1.00
2010.08.25 05:31:06.707,9.45675,9.4592,1.60,1.00
2010.08.25 05:31:06.904,9.45675,9.46045,1.60,1.60
2010.08.25 05:31:09.100,9.457,9.46025,1.00,1.60
2010.08.25 05:31:10.044,9.4572,9.46025,1.00,1.60
2010.08.25 05:31:11.015,9.4573,9.46025,1.00,1.60
2010.08.25 05:31:17.557,9.45675,9.45945,1.60,1.00
2010.08.25 05:31:17.798,9.4564,9.46025,1.00,1.00
2010.08.25 05:31:34.097,9.456,9.45925,1.00,1.60
2010.08.25 05:31:34.277,9.4563,9.45925,1.00,1.60
2010.08.25 05:31:54.738,9.4562,9.45925,1.00,1.60
2010.08.25 05:31:55.974,9.4567,9.45925,1.00,1.60
2010.08.25 05:31:57.138,9.4569,9.45925,1.00,1.60
2010.08.25 05:31:58.161,9.457,9.45925,1.00,1.60
2010.08.25 05:32:58.706,9.45555,9.45925,1.60,1.60
2010.08.25 05:33:39.549,9.4567,9.45925,1.20,1.60
2010.08.25 05:33:40.704,9.457,9.45915,1.00,1.60
2010.08.25 05:33:52.702,9.4569,9.45915,1.00,1.60
2010.08.25 05:33:52.974,9.4569,9.45925,1.00,1.60
2010.08.25 05:33:54.204,9.457,9.45925,1.00,1.60
2010.08.25 05:34:44.776,9.457,9.45975,1.00,2.40
2010.08.25 05:34:45.218,9.457,9.45975,1.40,2.40
2010.08.25 05:34:46.103,9.4572,9.45975,1.00,2.40
2010.08.25 05:34:47.155,9.4573,9.45975,1.00,2.40
2010.08.25 05:35:44.985,9.4573,9.45975,1.00,1.60
2010.08.25 05:35:48.490,9.457,9.45975,1.20,1.60
2010.08.25 05:36:24.170,9.4573,9.45975,1.00,1.60
2010.08.25 05:37:28.795,9.4572,9.45975,1.00,1.60
2010.08.25 05:37:33.606,9.4573,9.45975,1.00,1.60
2010.08.25 05:37:37.599,9.457,9.45975,1.20,1.60
2010.08.25 05:37:38.077,9.4586,9.45975,1.00,1.60
2010.08.25 05:37:38.325,9.459,9.46095,1.00,1.00
2010.08.25 05:37:38.567,9.459,9.4617,1.00,1.00
2010.08.25 05:37:38.809,9.459,9.4621,1.00,1.00
2010.08.25 05:37:43.528,9.4594,9.4617,1.00,1.00
2010.08.25 05:37:45.715,9.4594,9.4615,1.00,1.00
2010.08.25 05:37:45.875,9.4594,9.4617,1.00,1.00
2010.08.25 05:37:46.035,9.4594,9.4615,1.00,1.00
2010.08.25 05:37:47.578,9.4594,9.4617,1.00,1.00
2010.08.25 05:37:47.931,9.45975,9.4615,1.60,1.00
2010.08.25 05:37:50.485,9.45975,9.46195,1.60,1.00
2010.08.25 05:37:55.000,9.46095,9.4637,1.00,1.00
2010.08.25 05:38:00.273,9.45955,9.4635,2.40,1.00
2010.08.25 05:38:00.442,9.4601,9.4647,1.00,1.00
2010.08.25 05:38:03.997,9.4601,9.4645,1.00,1.00
2010.08.25 05:38:06.405,9.4603,9.4645,1.00,1.00
2010.08.25 05:38:07.056,9.4601,9.4645,1.00,1.00
2010.08.25 05:38:08.549,9.4603,9.4645,1.00,1.00
2010.08.25 05:38:09.614,9.4601,9.4645,1.00,1.00
2010.08.25 05:38:09.920,9.4599,9.4645,1.00,1.00
2010.08.25 05:38:14.059,9.4601,9.4645,1.00,1.00
2010.08.25 05:38:16.617,9.4599,9.4645,1.00,1.00
2010.08.25 05:38:19.402,9.4601,9.4645,1.00,1.00
2010.08.25 05:38:19.899,9.4599,9.4645,1.00,1.00
2010.08.25 05:38:23.698,9.4601,9.4645,1.00,1.00
2010.08.25 05:38:24.576,9.4599,9.4645,1.00,1.00
2010.08.25 05:38:24.739,9.4601,9.4645,1.00,1.00
2010.08.25 05:38:27.157,9.4599,9.4645,1.00,1.00
2010.08.25 05:38:27.698,9.4608,9.46455,2.40,1.00
2010.08.25 05:38:27.856,9.4622,9.46455,2.40,1.00
2010.08.25 05:38:31.854,9.461,9.4647,1.00,1.00
2010.08.25 05:38:48.067,9.461,9.46485,1.00,1.00
2010.08.25 05:38:57.714,9.4631,9.465,1.20,1.00
2010.08.25 05:40:20.268,9.4635,9.46525,1.00,1.00
2010.08.25 05:40:20.713,9.4627,9.46525,1.20,1.00
2010.08.25 05:40:20.968,9.4627,9.4656,1.20,1.00
2010.08.25 05:40:28.562,9.4627,9.46525,1.00,1.60
2010.08.25 05:40:29.002,9.462,9.46525,1.20,1.60
2010.08.25 05:41:57.947,9.462,9.4652,1.20,1.00
2010.08.25 05:41:58.905,9.462,9.46525,1.20,1.60
2010.08.25 05:42:05.983,9.462,9.4652,1.20,1.00
2010.08.25 05:42:09.701,9.462,9.4648,1.20,1.00
2010.08.25 05:42:10.063,9.462,9.46525,1.20,1.60
2010.08.25 05:42:39.782,9.4628,9.466,1.00,1.00
2010.08.25 05:42:39.948,9.4628,9.466,1.20,1.00
2010.08.25 05:42:40.117,9.4628,9.4661,1.20,1.00
2010.08.25 05:42:40.715,9.4628,9.4659,1.20,1.00
2010.08.25 05:42:44.584,9.4628,9.4661,1.20,1.00
2010.08.25 05:42:47.608,9.4628,9.4663,1.20,1.00
2010.08.25 05:42:48.470,9.4628,9.4661,1.20,1.00
2010.08.25 05:42:49.856,9.4625,9.4661,1.20,1.00
2010.08.25 05:42:51.137,9.4625,9.4659,1.20,1.00
2010.08.25 05:42:51.992,9.4625,9.4658,1.20,1.00
2010.08.25 05:42:53.020,9.4625,9.4657,1.20,1.00
2010.08.25 05:42:54.770,9.4625,9.4659,1.20,1.00
2010.08.25 05:42:54.978,9.4625,9.4657,1.20,1.00
2010.08.25 05:42:57.581,9.4625,9.4659,1.20,1.00
2010.08.25 05:42:59.079,9.462,9.4659,1.20,1.00
2010.08.25 05:42:59.812,9.462,9.4657,1.20,1.00
2010.08.25 05:42:59.955,9.462,9.4657,1.20,1.00
2010.08.25 05:43:10.732,9.462,9.4661,1.20,1.00
2010.08.25 05:43:22.732,9.462,9.4661,1.20,1.00
2010.08.25 05:43:23.185,9.462,9.4655,1.20,1.00
2010.08.25 05:43:33.961,9.462,9.4659,1.20,1.00
2010.08.25 05:43:34.537,9.462,9.46595,1.20,1.00
2010.08.25 05:43:34.596,9.462,9.46515,1.20,1.00
2010.08.25 05:43:34.707,9.462,9.4649,1.00,1.00
2010.08.25 05:43:34.767,9.4608,9.4649,1.00,1.00
2010.08.25 05:43:34.827,9.4608,9.46475,1.00,1.00
2010.08.25 05:43:34.980,9.4608,9.4643,1.00,1.00
2010.08.25 05:43:35.914,9.461,9.46335,1.00,1.00
2010.08.25 05:43:44.975,9.4606,9.46335,1.00,1.00
2010.08.25 05:43:45.798,9.4606,9.46325,1.00,1.60
2010.08.25 05:44:14.861,9.4605,9.46325,1.20,1.60
2010.08.25 05:44:15.017,9.46075,9.46385,1.00,1.00
2010.08.25 05:44:15.572,9.461,9.4635,1.20,1.00
2010.08.25 05:44:16.480,9.461,9.4637,1.20,1.00
2010.08.25 05:44:19.663,9.461,9.4639,1.20,1.00
2010.08.25 05:44:20.936,9.461,9.4637,1.20,1.00
2010.08.25 05:44:21.174,9.461,9.4639,1.20,1.00
2010.08.25 05:44:22.598,9.461,9.4637,1.20,1.00
2010.08.25 05:44:24.245,9.461,9.4635,1.20,1.00
2010.08.25 05:44:25.689,9.461,9.4633,1.20,1.00
2010.08.25 05:44:26.856,9.461,9.4635,1.20,1.00
2010.08.25 05:44:34.623,9.461,9.4633,1.20,1.00
2010.08.25 05:44:38.820,9.461,9.4635,1.20,1.00
2010.08.25 05:44:40.852,9.461,9.4641,1.20,1.00
2010.08.25 05:44:41.843,9.461,9.4639,1.20,1.00
2010.08.25 05:44:42.171,9.461,9.4639,1.20,1.00
2010.08.25 05:44:43.715,9.461,9.4641,1.20,1.00
2010.08.25 05:44:45.616,9.461,9.4639,1.20,1.00
2010.08.25 05:44:49.862,9.461,9.4641,1.20,1.00
2010.08.25 05:44:50.855,9.461,9.4639,1.20,1.00
2010.08.25 05:44:55.072,9.461,9.4641,1.20,1.00
2010.08.25 05:44:56.138,9.461,9.4639,1.20,1.00
2010.08.25 05:45:11.526,9.461,9.4641,1.20,1.00
2010.08.25 05:45:12.156,9.461,9.4643,1.20,1.00
2010.08.25 05:45:12.501,9.461,9.4641,1.20,1.00
2010.08.25 05:45:16.807,9.461,9.4643,1.20,1.00
2010.08.25 05:45:18.437,9.461,9.4637,1.20,1.00
2010.08.25 05:45:18.663,9.461,9.4637,1.20,1.00
2010.08.25 05:45:39.525,9.461,9.4637,1.00,1.00
2010.08.25 05:45:39.689,9.4605,9.46325,1.20,1.60
2010.08.25 05:45:41.097,9.46075,9.46325,1.00,1.60
2010.08.25 05:45:41.231,9.46075,9.4637,1.00,1.00
2010.08.25 05:45:41.361,9.461,9.4637,1.20,1.00
2010.08.25 05:46:11.197,9.461,9.4639,1.20,1.00
2010.08.25 05:46:11.480,9.461,9.4643,1.20,1.00
2010.08.25 05:46:15.701,9.461,9.46435,1.20,2.40
2010.08.25 05:46:20.417,9.461,9.4639,1.20,1.00
2010.08.25 05:46:21.737,9.461,9.4637,1.20,1.00
2010.08.25 05:46:25.954,9.461,9.4639,1.20,1.00
2010.08.25 05:46:40.443,9.4611,9.46435,1.00,2.40
2010.08.25 05:47:11.474,9.4611,9.46435,1.00,1.60
2010.08.25 05:47:21.316,9.461,9.4643,1.20,1.00
2010.08.25 05:47:30.596,9.461,9.464,1.20,1.00
2010.08.25 05:47:30.644,9.461,9.464,2.00,1.00
2010.08.25 05:47:30.745,9.461,9.464,2.00,1.00
2010.08.25 05:47:30.815,9.46175,9.464,1.60,1.00
2010.08.25 05:47:31.008,9.4618,9.464,1.00,1.00
2010.08.25 05:47:31.073,9.4618,9.464,1.20,1.00
2010.08.25 05:47:37.237,9.4622,9.4642,1.00,1.00
2010.08.25 05:47:37.492,9.4622,9.4642,2.80,1.00
2010.08.25 05:47:39.050,9.4622,9.464,2.80,1.00
2010.08.25 05:47:40.184,9.4631,9.4659,1.20,1.00
2010.08.25 05:47:40.383,9.4631,9.4657,1.20,1.00
2010.08.25 05:47:42.735,9.4618,9.4651,1.20,1.00
2010.08.25 05:47:44.618,9.462,9.4655,1.20,1.00
2010.08.25 05:47:45.602,9.462,9.4653,1.20,1.00
2010.08.25 05:47:47.266,9.462,9.4651,1.20,1.00
2010.08.25 05:47:48.031,9.462,9.4653,1.20,1.00
2010.08.25 05:47:49.639,9.462,9.4655,1.20,1.00
2010.08.25 05:47:51.035,9.462,9.4657,1.20,1.00
2010.08.25 05:47:53.048,9.462,9.4661,1.20,1.00
2010.08.25 05:48:00.584,9.462,9.4659,1.20,1.00
2010.08.25 05:48:29.313,9.462,9.4661,1.20,1.00
2010.08.25 05:48:29.536,9.462,9.4659,1.20,1.00
2010.08.25 05:48:32.962,9.462,9.4661,1.20,1.00
2010.08.25 05:48:34.082,9.462,9.4659,1.20,1.00
2010.08.25 05:48:35.949,9.462,9.4661,1.20,1.00
2010.08.25 05:48:46.654,9.462,9.4659,1.20,1.00
2010.08.25 05:48:47.816,9.462,9.4657,1.20,1.00
2010.08.25 05:48:48.486,9.462,9.4659,1.20,1.00
2010.08.25 05:48:51.066,9.462,9.4653,1.20,1.00
2010.08.25 05:48:59.957,9.462,9.4651,1.20,1.00
2010.08.25 05:49:00.785,9.462,9.4653,1.20,1.00
2010.08.25 05:49:02.022,9.462,9.4651,1.20,1.00
2010.08.25 05:49:04.323,9.463,9.465,1.20,1.00
2010.08.25 05:49:20.866,9.4632,9.4658,1.20,1.00
2010.08.25 05:49:25.826,9.4632,9.466,1.20,1.00
2010.08.25 05:49:34.751,9.4632,9.4658,1.20,1.00
2010.08.25 05:49:35.039,9.4632,9.466,1.20,1.00
2010.08.25 05:49:46.927,9.4632,9.4658,1.20,1.00
2010.08.25 05:49:51.329,9.4632,9.466,1.20,1.00
2010.08.25 05:49:59.689,9.4632,9.4662,1.20,1.00
2010.08.25 05:50:04.527,9.4632,9.46625,1.20,1.60
2010.08.25 05:50:13.647,9.4632,9.4662,1.20,1.00
2010.08.25 05:50:13.909,9.4632,9.46625,1.20,1.60
2010.08.25 05:50:16.468,9.4632,9.4662,1.20,1.00
2010.08.25 05:50:17.646,9.4632,9.46625,1.20,1.60
2010.08.25 05:50:20.504,9.4632,9.4658,1.20,1.00
2010.08.25 05:50:20.724,9.4632,9.4658,1.20,1.00
2010.08.25 05:50:20.947,9.46375,9.4657,1.60,1.00
2010.08.25 05:50:21.319,9.46375,9.46625,1.60,1.60
2010.08.25 05:50:23.006,9.46375,9.4657,1.60,1.00
2010.08.25 05:50:23.318,9.46375,9.4651,1.60,1.00
2010.08.25 05:50:24.478,9.4637,9.4659,1.00,1.00
2010.08.25 05:50:24.527,9.4634,9.4659,1.00,1.00
2010.08.25 05:50:24.578,9.4634,9.4659,1.00,1.00
2010.08.25 05:50:24.827,9.4632,9.4659,1.20,1.00
2010.08.25 05:50:25.990,9.4632,9.4656,1.20,1.00
2010.08.25 05:50:27.007,9.4632,9.4655,1.20,1.00
2010.08.25 05:50:27.978,9.4632,9.4652,1.20,1.00
2010.08.25 05:50:28.563,9.4632,9.4654,1.20,1.00
2010.08.25 05:50:28.897,9.4632,9.4652,1.20,1.00
2010.08.25 05:50:33.322,9.4632,9.466,1.20,1.00
2010.08.25 05:50:33.667,9.4632,9.4658,1.20,1.00
2010.08.25 05:50:34.561,9.4632,9.466,1.20,1.00
2010.08.25 05:50:36.777,9.4632,9.4658,1.20,1.00
2010.08.25 05:50:38.988,9.4632,9.466,1.20,1.00
2010.08.25 05:50:39.705,9.4632,9.4658,1.20,1.00
2010.08.25 05:50:40.452,9.4632,9.466,1.20,1.00
2010.08.25 05:51:00.087,9.4632,9.4656,1.20,1.00
2010.08.25 05:51:03.785,9.4632,9.4654,1.20,1.00
2010.08.25 05:51:06.532,9.4632,9.4656,1.20,1.00
2010.08.25 05:51:07.049,9.4632,9.4654,1.20,1.00
2010.08.25 05:51:14.958,9.4632,9.4652,1.20,1.00
2010.08.25 05:51:18.315,9.4632,9.465,1.20,1.00
2010.08.25 05:51:19.995,9.4632,9.4652,1.20,1.00
2010.08.25 05:51:20.929,9.4632,9.465,1.20,1.00
2010.08.25 05:51:21.297,9.4632,9.465,1.20,1.00
2010.08.25 05:51:23.959,9.4632,9.4655,1.20,1.00
2010.08.25 05:51:24.312,9.4632,9.4646,1.20,1.00
2010.08.25 05:51:34.755,9.4632,9.4651,1.20,1.00
2010.08.25 05:51:35.068,9.4618,9.465,1.20,1.00
2010.08.25 05:51:35.794,9.4618,9.4651,1.20,1.00
2010.08.25 05:51:36.136,9.462,9.4646,1.20,1.00
2010.08.25 05:51:37.174,9.462,9.4648,1.20,1.00
2010.08.25 05:51:37.525,9.462,9.4645,1.20,1.00
2010.08.25 05:51:40.437,9.462,9.4643,1.20,1.00
2010.08.25 05:51:40.930,9.462,9.4647,1.20,1.00
2010.08.25 05:51:40.965,9.462,9.4645,1.20,1.00
2010.08.25 05:51:41.869,9.4603,9.46355,1.20,1.00
2010.08.25 05:51:47.007,9.4605,9.4633,1.20,1.00
2010.08.25 05:51:47.688,9.4605,9.4633,1.00,1.00
2010.08.25 05:51:48.529,9.4605,9.4631,1.00,1.00
2010.08.25 05:51:49.501,9.4605,9.4633,1.00,1.00
2010.08.25 05:51:50.911,9.4605,9.46335,1.00,1.00
2010.08.25 05:51:51.928,9.4605,9.46325,1.00,1.60
2010.08.25 05:51:52.270,9.46075,9.4631,1.60,1.00
2010.08.25 05:51:54.972,9.46075,9.46325,1.60,1.60
2010.08.25 05:53:11.354,9.4608,9.46325,1.00,1.60
2010.08.25 05:53:19.610,9.4612,9.46325,1.00,1.60
2010.08.25 05:53:29.534,9.4608,9.46325,1.00,1.60
2010.08.25 05:53:31.839,9.4612,9.46325,1.00,1.60
2010.08.25 05:53:41.882,9.4608,9.46325,1.00,1.60
2010.08.25 05:53:50.700,9.46075,9.46325,1.60,1.60
2010.08.25 05:53:58.389,9.4608,9.46325,1.00,1.60
2010.08.25 05:53:59.031,9.46075,9.46325,1.60,1.60
2010.08.25 05:54:10.484,9.4608,9.46325,1.00,1.60
2010.08.25 05:54:51.521,9.46075,9.46325,1.60,1.60
2010.08.25 05:55:03.499,9.46075,9.46325,3.20,1.60
2010.08.25 05:55:03.862,9.4623,9.4652,1.00,1.00
2010.08.25 05:55:04.210,9.46055,9.4652,3.20,1.00
2010.08.25 05:55:05.177,9.4606,9.465,1.00,1.00
2010.08.25 05:55:05.649,9.461,9.465,1.00,1.00
2010.08.25 05:55:08.159,9.4611,9.465,1.00,1.00
2010.08.25 05:55:31.201,9.4613,9.465,1.00,1.00
2010.08.25 05:55:42.787,9.4611,9.465,1.00,1.00
2010.08.25 05:55:44.322,9.4613,9.465,1.00,1.00
2010.08.25 05:55:44.640,9.4611,9.465,1.00,1.00
2010.08.25 05:55:45.611,9.4613,9.465,1.00,1.00
2010.08.25 05:55:50.227,9.4615,9.465,1.00,1.00
2010.08.25 05:55:50.628,9.4609,9.465,1.00,1.00
2010.08.25 05:55:52.111,9.4611,9.465,1.00,1.00
2010.08.25 05:55:52.627,9.4613,9.465,1.00,1.00
2010.08.25 05:55:53.260,9.4615,9.465,1.00,1.00
2010.08.25 05:55:53.551,9.4613,9.465,1.00,1.00
2010.08.25 05:56:04.228,9.4609,9.465,1.00,1.00
2010.08.25 05:56:05.359,9.4611,9.465,1.00,1.00
2010.08.25 05:56:10.472,9.4617,9.465,1.00,1.00
2010.08.25 05:56:14.446,9.4615,9.465,1.00,1.00
2010.08.25 05:56:16.279,9.4617,9.465,1.00,1.00
2010.08.25 05:56:16.887,9.4621,9.465,1.00,1.00
2010.08.25 05:56:18.970,9.4617,9.465,1.00,1.00
2010.08.25 05:56:19.310,9.4604,9.4642,1.00,3.20
2010.08.25 05:56:20.032,9.4599,9.4641,1.00,2.40
2010.08.25 05:56:20.153,9.4599,9.461,1.00,2.40
2010.08.25 05:56:24.131,9.4601,9.4607,1.00,3.20
2010.08.25 05:56:33.492,9.4601,9.46555,1.00,1.00
2010.08.25 05:56:36.159,9.4605,9.46515,1.60,1.00
2010.08.25 05:56:47.842,9.4607,9.46515,1.00,1.00
2010.08.25 05:57:48.216,9.4601,9.46515,1.00,1.00
2010.08.25 05:58:31.855,9.4601,9.4651,1.00,1.00
2010.08.25 05:58:35.559,9.46005,9.465,1.00,3.20
2010.08.25 05:58:35.824,9.46005,9.4649,1.00,2.40
2010.08.25 05:58:47.223,9.46,9.46505,1.60,1.00
2010.08.25 05:58:53.599,9.46,9.465,1.60,1.00
2010.08.25 05:59:04.486,9.46,9.465,1.60,1.00
2010.08.25 05:59:04.839,9.46,9.465,1.60,1.00
2010.08.25 05:59:35.828,9.46,9.465,1.00,1.00
2010.08.25 05:59:51.050,9.46,9.465,1.00,1.00
2010.08.25 05:59:55.287,9.46,9.4648,1.00,1.00
2010.08.25 05:59:58.230,9.46,9.465,1.00,1.00
2010.08.25 05:59:58.462,9.45995,9.465,1.00,1.00
