2015.10.22 21:00:00.268,9.37826,9.39344,0.75,1.50
2015.10.22 21:00:00.694,9.37756,9.39344,1.50,1.50
2015.10.22 21:00:03.573,9.37746,9.39354,0.75,0.75
2015.10.22 21:00:42.678,9.37745,9.39355,0.75,0.75
2015.10.22 21:01:22.728,9.37746,9.39354,0.75,0.75
2015.10.22 21:02:35.917,9.37876,9.39344,0.75,0.75
2015.10.22 21:04:01.075,9.37856,9.39324,0.75,0.75
2015.10.22 21:04:05.125,9.37856,9.39314,1.00,1.00
2015.10.22 21:04:11.504,9.37856,9.39324,1.00,1.00
2015.10.22 21:04:16.125,9.37866,9.39334,1.00,1.00
2015.10.22 21:04:17.224,9.37876,9.39344,1.00,1.00
2015.10.22 21:04:23.274,9.37866,9.39324,1.00,1.00
2015.10.22 21:04:24.374,9.37876,9.39334,1.00,1.00
2015.10.22 21:04:38.894,9.37856,9.39324,1.00,1.00
2015.10.22 21:05:04.968,9.37876,9.39334,1.00,1.00
2015.10.22 21:05:07.176,9.37806,9.39244,1.00,1.00
2015.10.22 21:05:49.635,9.38096,9.39274,1.00,1.00
2015.10.22 21:07:20.641,9.38106,9.39164,1.00,1.00
2015.10.22 21:10:35.927,9.38166,9.39114,1.00,1.00
2015.10.22 21:10:51.823,9.38245,9.39195,1.00,1.00
2015.10.22 21:10:51.874,9.38276,9.39224,1.00,1.00
2015.10.22 21:15:51.938,9.37816,9.39414,1.75,1.00
2015.10.22 21:16:00.301,9.37816,9.39414,1.75,1.00
2015.10.22 21:16:10.955,9.37816,9.39414,1.75,1.00
2015.10.22 21:17:21.001,9.37815,9.39415,1.75,1.00
2015.10.22 21:18:00.913,9.37816,9.39414,1.75,1.00
2015.10.22 21:20:11.242,9.37816,9.39414,1.75,1.00
2015.10.22 21:21:34.590,9.38216,9.39274,1.00,1.00
2015.10.22 21:21:34.943,9.38127,9.39294,2.18,1.00
2015.10.22 21:21:35.095,9.38096,9.39294,1.00,1.00
2015.10.22 21:21:35.146,9.38007,9.39204,2.10,1.00
2015.10.22 21:21:35.276,9.38006,9.39204,1.00,1.00
2015.10.22 21:24:06.286,9.38056,9.39254,1.00,1.00
2015.10.22 21:24:06.497,9.37956,9.39184,1.00,1.00
2015.10.22 21:24:06.548,9.37957,9.39184,1.93,1.00
2015.10.22 21:24:06.746,9.37956,9.39184,1.00,1.00
2015.10.22 21:24:07.707,9.37965,9.39165,1.00,1.00
2015.10.22 21:25:11.620,9.37966,9.39174,1.00,1.00
2015.10.22 21:25:11.870,9.38046,9.39214,1.00,1.00
2015.10.22 21:25:12.866,9.38256,9.39204,1.00,1.00
2015.10.22 21:30:02.015,9.38416,9.39384,0.75,1.00
2015.10.22 21:30:02.240,9.38416,9.39394,0.75,1.00
2015.10.22 21:30:02.567,9.38396,9.39244,1.00,1.00
2015.10.22 21:30:02.906,9.38376,9.39214,1.00,1.00
2015.10.22 21:30:03.016,9.38396,9.39254,1.00,1.00
2015.10.22 21:30:03.993,9.38396,9.39224,1.00,1.00
2015.10.22 21:30:05.120,9.38416,9.39224,1.00,1.00
2015.10.22 21:30:05.320,9.38416,9.39234,1.00,1.00
2015.10.22 21:30:08.063,9.38416,9.39224,1.00,1.00
2015.10.22 21:30:09.405,9.38416,9.39234,1.00,1.00
2015.10.22 21:30:10.483,9.38416,9.39224,1.00,1.00
2015.10.22 21:30:11.583,9.38416,9.39234,1.00,1.00
2015.10.22 21:30:12.793,9.38416,9.39224,1.00,1.00
2015.10.22 21:30:13.893,9.38416,9.39234,1.00,1.00
2015.10.22 21:30:15.170,9.38416,9.39224,1.00,1.00
2015.10.22 21:30:17.829,9.38416,9.39234,1.00,1.00
2015.10.22 21:30:19.302,9.38416,9.39224,1.00,1.00
2015.10.22 21:30:20.619,9.38416,9.39234,1.00,1.00
2015.10.22 21:30:21.608,9.38415,9.39225,1.00,1.00
2015.10.22 21:30:23.353,9.38416,9.39234,1.00,1.00
2015.10.22 21:30:24.453,9.38426,9.39234,1.00,1.00
2015.10.22 21:30:55.032,9.38406,9.39204,1.00,1.00
2015.10.22 21:30:55.287,9.38395,9.39205,1.00,1.00
2015.10.22 21:31:03.434,9.38396,9.39194,1.00,1.00
2015.10.22 21:31:04.861,9.38396,9.39204,1.00,1.00
2015.10.22 21:31:32.931,9.38396,9.39194,1.00,1.00
2015.10.22 21:31:40.058,9.38396,9.39204,1.00,1.00
2015.10.22 21:31:41.161,9.38396,9.39194,1.00,1.00
2015.10.22 21:31:46.252,9.38396,9.39214,1.00,1.00
2015.10.22 21:31:47.071,9.38396,9.39204,1.00,1.00
2015.10.22 21:31:48.281,9.38395,9.39195,1.00,1.00
2015.10.22 21:32:57.800,9.38396,9.39214,1.00,1.00
2015.10.22 21:33:00.110,9.38396,9.39194,1.00,1.00
2015.10.22 21:33:42.239,9.38396,9.39204,1.00,1.00
2015.10.22 21:33:43.473,9.38416,9.39154,1.00,1.00
2015.10.22 21:33:43.889,9.38396,9.39194,1.00,1.00
2015.10.22 21:34:29.445,9.38406,9.39204,1.00,1.00
2015.10.22 21:34:30.657,9.38405,9.39195,1.00,1.00
2015.10.22 21:34:31.804,9.38406,9.39204,1.00,1.00
2015.10.22 21:34:32.948,9.38406,9.39194,1.00,1.00
2015.10.22 21:34:42.060,9.38396,9.39194,1.00,1.00
2015.10.22 21:34:42.655,9.38416,9.39304,1.00,1.00
2015.10.22 21:34:42.706,9.38326,9.39294,1.00,1.00
2015.10.22 21:34:42.910,9.38366,9.39374,1.00,1.00
2015.10.22 21:34:43.163,9.38336,9.39324,1.00,1.00
2015.10.22 21:34:43.489,9.38376,9.39344,1.00,1.00
2015.10.22 21:34:43.769,9.38286,9.39264,1.00,1.00
2015.10.22 21:34:43.921,9.38376,9.39364,1.00,1.00
2015.10.22 21:34:44.124,9.38296,9.39264,1.22,1.00
2015.10.22 21:34:44.646,9.38376,9.39354,1.00,1.00
2015.10.22 21:34:44.702,9.38396,9.39374,1.00,1.00
2015.10.22 21:34:45.049,9.38396,9.39354,1.00,1.00
2015.10.22 21:34:45.440,9.38316,9.39294,1.00,1.00
2015.10.22 21:34:45.542,9.38296,9.39274,1.00,1.00
2015.10.22 21:34:46.449,9.38306,9.39284,1.00,1.00
2015.10.22 21:34:46.652,9.38316,9.39394,1.00,1.00
2015.10.22 21:34:47.034,9.38296,9.39364,1.00,1.00
2015.10.22 21:34:47.871,9.38276,9.39254,1.00,1.00
2015.10.22 21:34:48.977,9.38316,9.39294,1.00,1.00
2015.10.22 21:34:49.279,9.38306,9.39264,1.00,1.00
2015.10.22 21:34:50.275,9.38306,9.39254,1.00,1.00
2015.10.22 21:34:54.893,9.38345,9.39305,1.00,1.00
2015.10.22 21:34:55.140,9.38356,9.39304,1.00,1.00
2015.10.22 21:35:03.271,9.38336,9.39284,1.00,1.00
2015.10.22 21:35:03.469,9.38406,9.39364,1.00,1.00
2015.10.22 21:35:05.914,9.38406,9.39354,1.00,1.00
2015.10.22 21:35:06.139,9.38386,9.39354,1.00,1.00
2015.10.22 21:35:06.330,9.38416,9.39364,1.00,1.00
2015.10.22 21:35:10.971,9.38406,9.39344,1.00,1.00
2015.10.22 21:35:11.180,9.38426,9.39374,1.00,1.00
2015.10.22 21:35:12.379,9.38416,9.39374,1.00,1.00
2015.10.22 21:35:12.599,9.38386,9.39334,1.00,1.00
2015.10.22 21:35:12.819,9.38396,9.39354,1.00,1.00
2015.10.22 21:35:14.209,9.38406,9.39354,1.00,1.00
2015.10.22 21:35:14.743,9.38426,9.39364,1.00,1.00
2015.10.22 21:35:15.377,9.38406,9.39354,1.00,1.00
2015.10.22 21:35:15.584,9.38386,9.39324,1.00,1.00
2015.10.22 21:35:15.938,9.38426,9.39374,1.00,1.00
2015.10.22 21:35:18.224,9.38415,9.39375,1.00,1.00
2015.10.22 21:35:18.429,9.38386,9.39334,1.00,1.00
2015.10.22 21:35:19.455,9.38406,9.39344,1.00,1.00
2015.10.22 21:35:19.981,9.38426,9.39364,1.00,1.00
2015.10.22 21:35:20.785,9.38406,9.39354,1.00,1.00
2015.10.22 21:35:21.105,9.38416,9.39374,1.00,1.00
2015.10.22 21:35:21.869,9.38386,9.39334,1.00,1.00
2015.10.22 21:35:22.089,9.38376,9.39344,1.00,1.00
2015.10.22 21:35:23.292,9.38396,9.39334,1.00,1.00
2015.10.22 21:35:23.500,9.38406,9.39384,1.00,1.00
2015.10.22 21:35:24.293,9.38376,9.39334,1.00,1.00
2015.10.22 21:35:24.988,9.38356,9.39304,1.00,1.00
2015.10.22 21:35:25.475,9.38376,9.39314,1.00,1.00
2015.10.22 21:35:25.799,9.38396,9.39324,1.00,1.00
2015.10.22 21:35:26.052,9.38366,9.39324,1.00,1.00
2015.10.22 21:35:26.239,9.38345,9.39295,1.00,1.00
2015.10.22 21:35:27.230,9.38376,9.39314,1.00,1.00
2015.10.22 21:35:29.561,9.38386,9.39314,1.00,1.00
2015.10.22 21:35:29.784,9.38376,9.39314,1.00,1.00
2015.10.22 21:35:30.008,9.38416,9.39354,1.00,1.00
2015.10.22 21:35:30.985,9.38406,9.39334,1.00,1.00
2015.10.22 21:35:31.200,9.38396,9.39334,1.00,1.00
2015.10.22 21:35:34.726,9.38386,9.39334,1.00,1.00
2015.10.22 21:35:37.035,9.38406,9.39344,1.00,1.00
2015.10.22 21:35:37.640,9.38426,9.39354,1.00,1.00
2015.10.22 21:35:38.366,9.38426,9.39374,1.00,1.00
2015.10.22 21:35:43.211,9.38426,9.39364,1.00,1.00
2015.10.22 21:35:44.280,9.38426,9.39374,1.00,1.00
2015.10.22 21:35:45.499,9.38426,9.39364,1.00,1.00
2015.10.22 21:35:46.698,9.38406,9.39374,1.00,1.00
2015.10.22 21:35:46.939,9.38366,9.39334,1.00,1.00
2015.10.22 21:35:47.921,9.38375,9.39325,1.00,1.00
2015.10.22 21:35:48.300,9.38356,9.39314,1.00,1.00
2015.10.22 21:35:49.461,9.38356,9.39304,1.00,1.00
2015.10.22 21:35:49.784,9.38316,9.39264,1.00,1.00
2015.10.22 21:35:50.026,9.38276,9.39334,1.00,1.00
2015.10.22 21:35:51.242,9.38356,9.39304,1.00,1.00
2015.10.22 21:35:52.417,9.38366,9.39314,1.00,1.00
2015.10.22 21:35:53.785,9.38406,9.39224,1.00,1.00
2015.10.22 21:35:53.988,9.38356,9.39324,1.00,1.00
2015.10.22 21:35:54.179,9.38366,9.39334,1.00,1.00
2015.10.22 21:35:55.430,9.38356,9.39324,1.00,1.00
2015.10.22 21:35:55.625,9.38386,9.39364,1.00,1.00
2015.10.22 21:35:55.843,9.38366,9.39404,1.00,1.00
2015.10.22 21:35:56.928,9.38386,9.39344,1.00,1.00
2015.10.22 21:35:58.386,9.38376,9.39334,1.00,1.00
2015.10.22 21:35:58.698,9.38386,9.39344,1.00,1.00
2015.10.22 21:35:59.870,9.38376,9.39344,1.00,1.00
2015.10.22 21:36:00.022,9.38386,9.39344,1.00,1.00
2015.10.22 21:36:01.108,9.38366,9.39324,1.00,1.00
2015.10.22 21:36:01.686,9.38406,9.39374,1.00,1.00
2015.10.22 21:36:02.539,9.38406,9.39364,1.00,1.00
2015.10.22 21:36:04.980,9.38396,9.39364,1.00,1.00
2015.10.22 21:36:05.183,9.38396,9.39384,1.00,1.00
2015.10.22 21:36:05.451,9.38346,9.39334,1.00,1.00
2015.10.22 21:36:05.792,9.38366,9.39334,1.00,1.00
2015.10.22 21:36:14.123,9.38306,9.39274,1.00,1.00
2015.10.22 21:36:14.674,9.38346,9.39314,1.00,1.00
2015.10.22 21:36:15.719,9.38356,9.39324,1.00,1.00
2015.10.22 21:36:15.770,9.38316,9.39384,1.00,1.00
2015.10.22 21:36:16.994,9.38336,9.39314,1.00,1.00
2015.10.22 21:36:17.382,9.38376,9.39354,1.00,1.00
2015.10.22 21:36:18.268,9.38376,9.39364,1.00,1.00
2015.10.22 21:36:21.930,9.38376,9.39354,1.00,1.00
2015.10.22 21:36:23.260,9.38346,9.39324,1.00,1.00
2015.10.22 21:36:23.693,9.38356,9.39334,1.00,1.00
2015.10.22 21:36:25.813,9.38356,9.39324,1.00,1.00
2015.10.22 21:36:27.005,9.38356,9.39334,1.00,1.00
2015.10.22 21:36:32.914,9.38396,9.39364,1.00,1.00
2015.10.22 21:36:33.128,9.38396,9.39384,1.00,1.00
2015.10.22 21:36:33.378,9.38326,9.39314,1.00,1.00
2015.10.22 21:36:34.568,9.38336,9.39294,1.00,1.00
2015.10.22 21:36:35.035,9.38396,9.39354,1.00,1.00
2015.10.22 21:36:35.988,9.38396,9.39374,1.00,1.00
2015.10.22 21:36:40.568,9.38396,9.39364,1.00,1.00
2015.10.22 21:36:40.629,9.38386,9.39374,1.00,1.00
2015.10.22 21:36:41.808,9.38386,9.39364,1.00,1.00
2015.10.22 21:36:42.910,9.38326,9.39314,1.00,1.00
2015.10.22 21:36:43.333,9.38306,9.39284,1.00,1.00
2015.10.22 21:36:43.763,9.38346,9.39324,1.00,1.00
2015.10.22 21:36:45.818,9.38346,9.39314,1.00,1.00
2015.10.22 21:36:47.023,9.38336,9.39324,1.00,1.00
2015.10.22 21:36:47.223,9.38376,9.39364,1.00,1.00
2015.10.22 21:36:47.666,9.38376,9.39384,1.00,1.00
2015.10.22 21:36:47.993,9.38325,9.39325,1.00,1.00
2015.10.22 21:36:48.378,9.38355,9.39325,1.00,1.00
2015.10.22 21:36:52.833,9.38345,9.39325,1.00,1.00
2015.10.22 21:36:53.070,9.38366,9.39344,1.00,1.00
2015.10.22 21:36:53.373,9.38336,9.39324,1.00,1.00
2015.10.22 21:36:53.577,9.38296,9.39284,1.00,1.00
2015.10.22 21:36:53.823,9.38366,9.39364,1.00,1.00
2015.10.22 21:36:54.898,9.38386,9.39334,1.00,1.00
2015.10.22 21:36:55.395,9.38236,9.39194,1.00,1.00
2015.10.22 21:36:55.668,9.38176,9.39184,1.00,1.00
2015.10.22 21:36:57.004,9.38186,9.39184,1.00,1.00
2015.10.22 21:36:57.757,9.38176,9.39174,1.00,1.00
2015.10.22 21:37:00.119,9.38156,9.39164,1.00,1.00
2015.10.22 21:37:00.357,9.38176,9.39184,1.00,1.00
2015.10.22 21:37:00.599,9.38126,9.39234,1.00,1.00
2015.10.22 21:37:02.778,9.38136,9.39214,1.00,1.00
2015.10.22 21:37:04.025,9.38136,9.39234,1.00,1.00
2015.10.22 21:37:05.114,9.38176,9.39184,1.00,1.00
2015.10.22 21:37:11.337,9.38165,9.39175,1.00,1.00
2015.10.22 21:37:13.097,9.38136,9.39204,1.00,1.00
2015.10.22 21:37:14.211,9.38116,9.39084,1.00,1.00
2015.10.22 21:37:14.782,9.38126,9.39094,1.00,1.00
2015.10.22 21:37:15.450,9.38186,9.39164,1.00,1.00
2015.10.22 21:37:16.507,9.38235,9.39135,1.00,1.00
2015.10.22 21:37:16.849,9.38186,9.39164,1.00,1.00
2015.10.22 21:37:17.557,9.38146,9.39224,1.00,1.00
2015.10.22 21:37:18.597,9.38186,9.39174,1.00,1.00
2015.10.22 21:37:19.014,9.38116,9.39104,1.00,1.00
2015.10.22 21:37:19.065,9.38076,9.39134,1.00,1.00
2015.10.22 21:37:21.061,9.38066,9.39124,1.00,1.00
2015.10.22 21:37:21.897,9.38136,9.39214,1.00,1.00
2015.10.22 21:37:23.470,9.38176,9.39164,1.00,1.00
2015.10.22 21:37:24.317,9.38175,9.39185,1.00,1.00
2015.10.22 21:37:25.435,9.38145,9.39155,1.00,1.00
2015.10.22 21:37:26.757,9.38116,9.39164,1.00,1.00
2015.10.22 21:37:28.937,9.38126,9.39184,1.00,1.00
2015.10.22 21:37:30.049,9.38115,9.39175,1.00,1.00
2015.10.22 21:37:30.613,9.38086,9.39144,1.00,1.00
2015.10.22 21:37:31.440,9.38126,9.39415,1.00,1.67
2015.10.22 21:37:31.908,9.38246,9.39074,1.00,1.00
2015.10.22 21:37:32.127,9.38066,9.39304,1.00,1.00
2015.10.22 21:37:32.347,9.38036,9.39284,1.00,1.00
2015.10.22 21:37:33.338,9.38136,9.39214,1.00,1.00
2015.10.22 21:37:34.233,9.38106,9.39184,1.00,1.00
2015.10.22 21:37:34.563,9.38135,9.39205,1.00,1.00
2015.10.22 21:37:35.332,9.38146,9.39214,1.00,1.00
2015.10.22 21:37:36.237,9.38106,9.39184,1.00,1.00
2015.10.22 21:37:36.417,9.38136,9.39204,1.00,1.00
2015.10.22 21:37:37.407,9.38136,9.39214,1.00,1.00
2015.10.22 21:37:38.287,9.38116,9.39184,1.00,1.00
2015.10.22 21:37:38.980,9.37846,9.39204,1.67,1.00
2015.10.22 21:37:39.649,9.38196,9.39084,1.00,1.00
2015.10.22 21:37:40.707,9.38206,9.39094,1.00,1.00
2015.10.22 21:37:42.953,9.38196,9.39094,1.00,1.00
2015.10.22 21:37:44.137,9.38206,9.39094,1.00,1.00
2015.10.22 21:37:45.371,9.38196,9.39094,1.00,1.00
2015.10.22 21:37:45.567,9.38176,9.39064,1.00,1.00
2015.10.22 21:37:45.879,9.38196,9.39084,1.00,1.00
2015.10.22 21:37:46.789,9.38206,9.39094,1.00,1.00
2015.10.22 21:37:49.837,9.38146,9.39044,1.00,1.00
2015.10.22 21:37:50.215,9.38185,9.39075,1.00,1.00
2015.10.22 21:37:50.492,9.38156,9.39054,1.00,1.00
2015.10.22 21:37:50.735,9.38136,9.39024,1.00,1.00
2015.10.22 21:37:51.632,9.38126,9.39024,1.00,1.00
2015.10.22 21:37:53.073,9.38106,9.38994,1.00,1.00
2015.10.22 21:37:53.500,9.38096,9.38994,1.00,1.00
2015.10.22 21:37:54.393,9.38076,9.38974,1.00,1.00
2015.10.22 21:37:54.697,9.38136,9.39024,1.00,1.00
2015.10.22 21:37:55.160,9.38086,9.38974,1.00,1.00
2015.10.22 21:37:55.663,9.38106,9.38994,1.00,1.00
2015.10.22 21:37:55.987,9.38066,9.38954,1.00,1.00
2015.10.22 21:37:56.219,9.38056,9.38954,1.00,1.00
2015.10.22 21:37:56.815,9.38086,9.38984,1.00,1.00
2015.10.22 21:37:57.183,9.38116,9.39004,1.00,1.00
2015.10.22 21:37:57.234,9.38106,9.39004,1.00,1.00
2015.10.22 21:37:57.891,9.38066,9.38964,1.00,1.00
2015.10.22 21:37:58.335,9.38066,9.38954,1.00,1.00
2015.10.22 21:37:58.649,9.38116,9.39004,1.00,1.00
2015.10.22 21:37:59.077,9.38086,9.38984,1.00,1.00
2015.10.22 21:37:59.407,9.38106,9.39004,1.00,1.00
2015.10.22 21:37:59.931,9.38116,9.39004,1.00,1.00
2015.10.22 21:38:00.176,9.38136,9.39034,1.00,1.00
2015.10.22 21:38:00.438,9.38116,9.39004,1.00,1.00
2015.10.22 21:38:01.531,9.38136,9.39024,1.00,1.00
2015.10.22 21:38:01.864,9.38116,9.39004,1.00,1.00
2015.10.22 21:38:03.034,9.38126,9.39014,1.00,1.00
2015.10.22 21:38:03.268,9.38105,9.38995,1.00,1.00
2015.10.22 21:38:03.820,9.38125,9.39015,1.00,1.00
2015.10.22 21:38:04.928,9.38106,9.39004,1.00,1.00
2015.10.22 21:38:06.136,9.38106,9.38994,1.00,1.00
2015.10.22 21:38:10.967,9.38096,9.38994,1.00,1.00
2015.10.22 21:38:11.558,9.38126,9.39014,1.00,1.00
2015.10.22 21:38:11.660,9.38096,9.38994,1.00,1.00
2015.10.22 21:38:11.971,9.38126,9.39014,1.00,1.00
2015.10.22 21:38:12.322,9.38096,9.38994,1.00,1.00
2015.10.22 21:38:12.496,9.38126,9.39014,1.00,1.00
2015.10.22 21:38:14.380,9.38106,9.38994,1.00,1.00
2015.10.22 21:38:15.033,9.38126,9.39014,1.00,1.00
2015.10.22 21:38:16.187,9.38116,9.39004,1.00,1.00
2015.10.22 21:38:16.632,9.38136,9.39034,1.00,1.00
2015.10.22 21:38:16.733,9.38136,9.39024,1.00,1.00
2015.10.22 21:38:17.716,9.38136,9.39034,1.00,1.00
2015.10.22 21:38:18.094,9.38116,9.39014,1.00,1.00
2015.10.22 21:38:19.145,9.38126,9.39024,1.00,1.00
2015.10.22 21:38:21.455,9.38136,9.39024,1.00,1.00
2015.10.22 21:38:22.666,9.38116,9.39004,1.00,1.00
2015.10.22 21:38:23.228,9.38146,9.39034,1.00,1.00
2015.10.22 21:38:26.736,9.38136,9.39034,1.00,1.00
2015.10.22 21:38:27.962,9.38146,9.39034,1.00,1.00
2015.10.22 21:38:28.314,9.38126,9.39014,1.00,1.00
2015.10.22 21:38:29.189,9.38126,9.39024,1.00,1.00
2015.10.22 21:38:30.273,9.38136,9.39034,1.00,1.00
2015.10.22 21:38:30.998,9.38156,9.39044,1.00,1.00
2015.10.22 21:38:31.280,9.38135,9.39035,1.00,1.00
2015.10.22 21:38:31.602,9.38116,9.39004,1.00,1.00
2015.10.22 21:38:32.494,9.38106,9.39004,1.00,1.00
2015.10.22 21:38:34.765,9.38106,9.38994,1.00,1.00
2015.10.22 21:38:36.007,9.38105,9.39005,1.00,1.00
2015.10.22 21:38:39.518,9.38106,9.38994,1.00,1.00
2015.10.22 21:38:43.016,9.38095,9.38995,1.00,1.00
2015.10.22 21:38:44.267,9.38095,9.38985,1.00,1.00
2015.10.22 21:38:45.352,9.38105,9.38995,1.00,1.00
2015.10.22 21:38:46.575,9.38116,9.39014,1.00,1.00
2015.10.22 21:38:47.635,9.38126,9.39014,1.00,1.00
2015.10.22 21:38:52.411,9.38116,9.39004,1.00,1.00
2015.10.22 21:38:52.740,9.38086,9.38984,1.00,1.00
2015.10.22 21:38:53.848,9.38095,9.38985,1.00,1.00
2015.10.22 21:38:54.724,9.38066,9.38964,1.00,1.00
2015.10.22 21:38:55.785,9.38086,9.38984,1.00,1.00
2015.10.22 21:38:56.771,9.38056,9.38954,1.00,1.00
2015.10.22 21:38:57.098,9.38086,9.38974,1.00,1.00
2015.10.22 21:38:57.484,9.37836,9.38954,1.67,1.00
2015.10.22 21:38:57.646,9.37836,9.39374,1.00,1.00
2015.10.22 21:38:58.676,9.38086,9.39374,1.00,1.15
2015.10.22 21:39:00.287,9.38066,9.39374,1.00,1.37
2015.10.22 21:39:00.880,9.38085,9.39374,1.00,1.37
2015.10.22 21:39:01.399,9.38086,9.39374,1.00,1.60
2015.10.22 21:39:05.236,9.38075,9.38965,1.00,1.00
2015.10.22 21:39:06.461,9.38085,9.38975,1.00,1.00
2015.10.22 21:39:07.676,9.38076,9.38974,1.00,1.00
2015.10.22 21:39:09.911,9.38086,9.38974,1.00,1.00
2015.10.22 21:39:11.364,9.38086,9.38984,1.00,1.00
2015.10.22 21:39:12.293,9.38096,9.38984,1.00,1.00
2015.10.22 21:39:12.984,9.38066,9.38964,1.00,1.00
2015.10.22 21:39:13.089,9.38086,9.38984,1.00,1.00
2015.10.22 21:39:14.361,9.38065,9.38965,1.00,1.00
2015.10.22 21:39:14.703,9.38086,9.38984,1.00,1.00
2015.10.22 21:39:17.203,9.38086,9.38974,1.00,1.00
2015.10.22 21:39:18.394,9.38085,9.38985,1.00,1.00
2015.10.22 21:39:19.625,9.38106,9.38994,1.00,1.00
2015.10.22 21:39:20.705,9.38095,9.38985,1.00,1.00
2015.10.22 21:39:22.334,9.38085,9.38975,1.00,1.00
2015.10.22 21:39:23.014,9.38096,9.38994,1.00,1.00
2015.10.22 21:39:24.269,9.38096,9.38984,1.00,1.00
2015.10.22 21:39:30.303,9.38076,9.38974,1.00,1.00
2015.10.22 21:39:31.533,9.38096,9.38984,1.00,1.00
2015.10.22 21:39:31.710,9.38056,9.38954,1.00,1.00
2015.10.22 21:39:32.762,9.38086,9.38974,1.00,1.00
2015.10.22 21:39:33.794,9.38076,9.38964,1.00,1.00
2015.10.22 21:39:35.005,9.38086,9.38974,1.00,1.00
2015.10.22 21:39:36.104,9.38086,9.38984,1.00,1.00
2015.10.22 21:39:38.552,9.38076,9.38964,1.00,1.00
2015.10.22 21:39:39.625,9.38086,9.38984,1.00,1.00
2015.10.22 21:39:40.844,9.38066,9.38964,1.00,1.00
2015.10.22 21:39:41.496,9.38086,9.38984,1.00,1.00
2015.10.22 21:39:41.969,9.38066,9.38954,1.00,1.00
2015.10.22 21:39:42.415,9.38086,9.39334,1.00,1.67
2015.10.22 21:39:42.594,9.37736,9.39334,1.00,1.00
2015.10.22 21:39:43.692,9.38086,9.39334,1.00,1.22
2015.10.22 21:39:48.906,9.38065,9.38965,1.00,1.00
2015.10.22 21:39:49.343,9.38096,9.38984,1.00,1.00
2015.10.22 21:39:52.182,9.37976,9.38864,1.00,1.00
2015.10.22 21:39:52.505,9.37956,9.38844,1.00,1.00
2015.10.22 21:39:58.489,9.37945,9.38845,1.00,1.00
2015.10.22 21:39:59.597,9.37955,9.38845,1.00,1.00
2015.10.22 21:40:21.257,9.38086,9.38974,1.00,1.00
2015.10.22 21:40:21.484,9.38106,9.39004,0.75,1.00
2015.10.22 21:40:22.511,9.38096,9.38994,1.00,1.00
2015.10.22 21:40:23.935,9.38126,9.39014,0.75,1.00
2015.10.22 21:40:25.686,9.38146,9.39044,0.75,1.00
2015.10.22 21:40:26.573,9.38136,9.39024,0.75,1.00
2015.10.22 21:40:27.635,9.38116,9.39004,0.75,1.00
2015.10.22 21:40:27.983,9.38146,9.39034,0.75,1.00
2015.10.22 21:40:28.651,9.38096,9.38984,1.00,1.00
2015.10.22 21:40:29.615,9.38096,9.38994,1.00,1.00
2015.10.22 21:40:30.240,9.38126,9.39014,0.75,1.00
2015.10.22 21:40:31.444,9.38115,9.39015,0.75,1.00
2015.10.22 21:40:33.062,9.38116,9.39004,0.75,1.00
2015.10.22 21:40:34.136,9.38116,9.39014,0.75,1.00
2015.10.22 21:40:35.359,9.38116,9.39004,0.75,1.00
2015.10.22 21:40:36.809,9.38096,9.38984,1.00,1.00
2015.10.22 21:40:37.122,9.38116,9.39004,0.75,1.00
2015.10.22 21:40:38.222,9.38106,9.39004,0.75,1.00
2015.10.22 21:40:39.711,9.38106,9.38994,0.75,1.00
2015.10.22 21:40:40.993,9.38126,9.39014,0.75,1.00
2015.10.22 21:40:41.824,9.38126,9.39024,0.75,1.00
2015.10.22 21:40:42.925,9.38116,9.39004,0.75,1.00
2015.10.22 21:40:43.740,9.38146,9.39034,0.75,1.00
2015.10.22 21:40:44.575,9.38115,9.39015,0.75,1.00
2015.10.22 21:40:44.952,9.38096,9.38994,1.00,1.00
2015.10.22 21:40:45.396,9.38126,9.39014,0.75,1.00
2015.10.22 21:40:46.194,9.38106,9.39004,0.75,1.00
2015.10.22 21:40:46.416,9.38125,9.39025,0.75,1.00
2015.10.22 21:40:46.954,9.38096,9.38984,1.00,1.00
2015.10.22 21:40:47.175,9.38076,9.38974,1.00,1.00
2015.10.22 21:40:47.377,9.38096,9.38994,1.00,1.00
2015.10.22 21:40:48.811,9.38126,9.39014,0.75,1.00
2015.10.22 21:40:50.045,9.38115,9.39005,0.75,1.00
2015.10.22 21:40:53.788,9.38136,9.39024,0.75,1.00
2015.10.22 21:40:54.642,9.38156,9.39044,0.75,1.00
2015.10.22 21:40:55.860,9.38136,9.39024,0.75,1.00
2015.10.22 21:40:58.815,9.38136,9.39034,0.75,1.00
2015.10.22 21:40:59.914,9.38136,9.39024,0.75,1.00
2015.10.22 21:41:07.064,9.38125,9.39025,0.75,1.00
2015.10.22 21:41:09.818,9.38126,9.39014,0.75,1.00
2015.10.22 21:41:11.424,9.38136,9.39034,0.75,1.00
2015.10.22 21:41:12.124,9.38126,9.39014,0.75,1.00
2015.10.22 21:41:12.348,9.38146,9.39044,0.75,1.00
2015.10.22 21:41:12.954,9.38125,9.39015,0.75,1.00
2015.10.22 21:41:13.905,9.38146,9.39034,0.75,1.00
2015.10.22 21:41:17.316,9.38136,9.39034,1.00,1.00
2015.10.22 21:41:18.520,9.38146,9.39034,1.00,1.00
2015.10.22 21:41:19.744,9.38125,9.39025,1.00,1.00
2015.10.22 21:41:21.480,9.38126,9.39014,1.00,1.00
2015.10.22 21:41:22.584,9.38146,9.39034,1.00,1.00
2015.10.22 21:41:26.141,9.38126,9.39024,1.00,1.00
2015.10.22 21:41:28.514,9.38126,9.39014,1.00,1.00
2015.10.22 21:41:31.315,9.38135,9.39025,1.00,1.00
2015.10.22 21:41:44.624,9.38126,9.39024,1.00,1.00
2015.10.22 21:42:07.725,9.38156,9.39044,1.00,1.00
2015.10.22 21:42:08.865,9.38136,9.39024,1.00,1.00
2015.10.22 21:42:10.095,9.38126,9.39024,1.00,1.00
2015.10.22 21:42:12.564,9.38146,9.39044,1.00,1.00
2015.10.22 21:42:12.926,9.38166,9.39064,1.00,1.00
2015.10.22 21:42:13.590,9.38146,9.39034,1.00,1.00
2015.10.22 21:42:13.994,9.38146,9.39044,1.00,1.00
2015.10.22 21:42:15.202,9.38126,9.39024,1.00,1.00
2015.10.22 21:42:15.550,9.38146,9.39044,1.00,1.00
2015.10.22 21:42:16.523,9.38136,9.39024,1.00,1.00
2015.10.22 21:42:16.863,9.38166,9.39054,1.00,1.00
2015.10.22 21:42:17.121,9.38175,9.39065,1.00,1.00
2015.10.22 21:42:17.293,9.38156,9.39044,1.00,1.00
2015.10.22 21:42:21.693,9.38146,9.39044,0.75,1.00
2015.10.22 21:42:22.902,9.38156,9.39044,0.75,1.00
2015.10.22 21:42:24.174,9.38145,9.39035,0.75,1.00
2015.10.22 21:42:25.212,9.38156,9.39044,0.75,1.00
2015.10.22 21:42:26.423,9.38146,9.39044,0.75,1.00
2015.10.22 21:42:55.790,9.38165,9.39065,0.75,1.00
2015.10.22 21:42:55.992,9.38146,9.39034,0.75,1.00
2015.10.22 21:42:57.099,9.38146,9.39044,0.75,1.00
2015.10.22 21:42:58.448,9.38136,9.39024,0.75,1.00
2015.10.22 21:42:59.382,9.38126,9.39014,0.75,1.00
2015.10.22 21:43:00.592,9.38126,9.39024,0.75,1.00
2015.10.22 21:43:04.814,9.38146,9.39044,0.75,1.00
2015.10.22 21:43:05.907,9.38136,9.39024,0.75,1.00
2015.10.22 21:43:06.717,9.38156,9.39044,0.75,1.00
2015.10.22 21:43:07.212,9.38146,9.39044,0.75,1.00
2015.10.22 21:43:11.299,9.38146,9.39034,0.75,1.00
2015.10.22 21:43:11.624,9.38176,9.39064,0.75,1.00
2015.10.22 21:43:12.472,9.38146,9.39044,0.75,1.00
2015.10.22 21:43:13.037,9.38136,9.39024,0.75,1.00
2015.10.22 21:43:13.931,9.38126,9.39024,0.75,1.00
2015.10.22 21:43:15.001,9.38136,9.39024,0.75,1.00
2015.10.22 21:43:15.340,9.38165,9.39055,0.75,1.00
2015.10.22 21:43:16.336,9.38146,9.39044,0.75,1.00
2015.10.22 21:43:17.538,9.38136,9.39024,0.75,1.00
2015.10.22 21:43:25.701,9.38126,9.39024,0.75,1.00
2015.10.22 21:43:26.881,9.38126,9.39014,0.75,1.00
2015.10.22 21:43:28.091,9.38126,9.39024,0.75,1.00
2015.10.22 21:43:29.232,9.38126,9.39014,0.75,1.00
2015.10.22 21:43:30.400,9.38126,9.39024,0.75,1.00
2015.10.22 21:43:31.611,9.38125,9.39015,0.75,1.00
2015.10.22 21:43:33.941,9.38126,9.39024,0.75,1.00
2015.10.22 21:43:35.420,9.38106,9.39014,0.75,1.00
2015.10.22 21:43:36.495,9.38126,9.39024,0.75,1.00
2015.10.22 21:43:37.683,9.38116,9.39004,0.75,1.00
2015.10.22 21:43:40.268,9.38116,9.39014,0.75,1.00
2015.10.22 21:43:41.443,9.38136,9.39024,0.75,1.00
2015.10.22 21:43:42.646,9.38126,9.39024,0.75,1.00
2015.10.22 21:43:45.057,9.38115,9.39005,0.75,1.00
2015.10.22 21:43:45.374,9.38135,9.39025,0.75,1.00
2015.10.22 21:43:46.504,9.38126,9.39024,0.75,1.00
2015.10.22 21:43:56.061,9.38126,9.39014,0.75,1.00
2015.10.22 21:43:57.165,9.38116,9.39004,0.75,1.00
2015.10.22 21:43:59.588,9.38116,9.39014,0.75,1.00
2015.10.22 21:44:00.651,9.38116,9.39004,0.75,1.00
2015.10.22 21:44:03.623,9.38116,9.39014,0.75,1.00
2015.10.22 21:44:04.652,9.38126,9.39024,0.75,1.00
2015.10.22 21:44:05.709,9.38126,9.39014,0.75,1.00
2015.10.22 21:44:27.159,9.38136,9.39024,0.75,1.00
2015.10.22 21:44:33.209,9.38136,9.39034,0.75,1.00
2015.10.22 21:44:34.310,9.38146,9.39034,0.75,1.00
2015.10.22 21:44:35.519,9.38135,9.39025,0.75,1.00
2015.10.22 21:44:39.559,9.38145,9.39035,0.75,1.00
2015.10.22 21:44:39.868,9.38156,9.39044,0.75,1.00
2015.10.22 21:44:41.557,9.38146,9.39034,0.75,1.00
2015.10.22 21:45:03.751,9.38146,9.39044,0.75,1.00
2015.10.22 21:45:27.840,9.38136,9.39024,0.75,1.00
2015.10.22 21:45:29.680,9.38156,9.39044,0.75,1.00
2015.10.22 21:45:45.329,9.38136,9.39034,0.75,1.00
2015.10.22 21:45:49.410,9.38136,9.39024,0.75,1.00
2015.10.22 21:45:50.601,9.38146,9.39034,0.75,1.00
2015.10.22 21:45:51.790,9.38156,9.39044,0.75,1.00
2015.10.22 21:45:56.772,9.38136,9.39034,0.75,1.00
2015.10.22 21:45:57.330,9.38106,9.39004,0.75,1.00
2015.10.22 21:45:58.280,9.38126,9.38954,0.75,1.00
2015.10.22 21:45:59.183,9.38146,9.38974,0.75,1.00
2015.10.22 21:46:00.467,9.38156,9.38974,0.75,1.00
2015.10.22 21:46:01.929,9.38166,9.38984,0.75,1.00
2015.10.22 21:46:03.339,9.38126,9.39074,1.00,1.00
2015.10.22 21:46:03.760,9.38146,9.39094,1.00,1.00
2015.10.22 21:46:04.700,9.38155,9.39104,0.75,1.00
2015.10.22 21:46:05.024,9.38176,9.39104,0.75,1.00
2015.10.22 21:46:05.674,9.38176,9.39124,0.75,1.00
2015.10.22 21:46:18.240,9.38135,9.39124,1.00,1.00
2015.10.22 21:46:19.452,9.38146,9.39124,1.00,1.00
2015.10.22 21:46:21.893,9.38176,9.39124,1.00,1.00
2015.10.22 21:46:21.995,9.38136,9.39124,1.00,1.00
2015.10.22 21:46:25.279,9.38146,9.39124,1.00,1.00
2015.10.22 21:46:26.489,9.38136,9.39124,1.00,1.00
2015.10.22 21:46:28.843,9.38146,9.39124,1.00,1.00
2015.10.22 21:46:30.008,9.38136,9.39124,1.00,1.00
2015.10.22 21:46:31.109,9.38146,9.39124,1.00,1.00
2015.10.22 21:46:32.470,9.38136,9.39124,1.00,1.00
2015.10.22 21:46:36.127,9.38146,9.39124,1.00,1.00
2015.10.22 21:46:37.049,9.38156,9.39124,1.00,1.00
2015.10.22 21:46:46.889,9.38126,9.39124,1.00,1.00
2015.10.22 21:46:47.074,9.38146,9.39124,1.00,1.00
2015.10.22 21:46:48.282,9.38166,9.39124,1.00,1.00
2015.10.22 21:46:49.919,9.38156,9.39124,1.00,1.00
2015.10.22 21:46:51.129,9.38155,9.39124,1.00,1.00
2015.10.22 21:46:52.608,9.38156,9.39124,1.00,1.00
2015.10.22 21:46:55.596,9.38166,9.39124,1.00,1.00
2015.10.22 21:46:57.128,9.38156,9.39124,1.00,1.00
2015.10.22 21:47:00.429,9.38166,9.39124,1.00,1.00
2015.10.22 21:47:04.617,9.38136,9.39124,1.00,1.00
2015.10.22 21:47:04.857,9.38156,9.39124,1.00,1.00
2015.10.22 21:47:06.060,9.38145,9.39124,1.00,1.00
2015.10.22 21:47:07.205,9.38156,9.39124,1.00,1.00
2015.10.22 21:47:07.718,9.38156,9.39125,1.00,1.00
2015.10.22 21:47:13.732,9.38156,9.39124,1.00,1.00
2015.10.22 21:47:14.196,9.38186,9.39124,1.00,1.00
2015.10.22 21:47:23.748,9.38156,9.39124,1.00,1.00
2015.10.22 21:47:26.365,9.38186,9.39124,1.00,1.00
2015.10.22 21:47:44.553,9.38215,9.39124,1.00,1.00
2015.10.22 21:47:44.806,9.38186,9.39124,1.00,1.00
2015.10.22 21:47:45.087,9.38196,9.39124,1.00,1.00
2015.10.22 21:47:45.418,9.38215,9.39124,1.00,1.00
2015.10.22 21:47:46.258,9.38186,9.39125,1.00,1.00
2015.10.22 21:47:49.088,9.38236,9.39124,1.00,1.00
2015.10.22 21:47:56.126,9.38216,9.39124,1.00,1.00
2015.10.22 21:47:57.198,9.38226,9.39124,1.00,1.00
2015.10.22 21:48:00.992,9.38235,9.39124,1.00,1.00
2015.10.22 21:48:10.003,9.38236,9.39124,1.00,1.00
2015.10.22 21:48:18.135,9.38216,9.39125,1.00,1.00
2015.10.22 21:48:19.249,9.38216,9.39124,1.00,1.00
2015.10.22 21:48:19.300,9.38226,9.39124,1.00,1.00
2015.10.22 21:48:20.447,9.38236,9.39124,1.00,1.00
2015.10.22 21:48:21.991,9.38235,9.39124,1.00,1.00
2015.10.22 21:48:27.436,9.38246,9.39124,1.00,1.00
2015.10.22 21:48:28.675,9.38236,9.39124,1.00,1.00
2015.10.22 21:48:30.558,9.38216,9.39124,1.00,1.00
2015.10.22 21:48:31.818,9.38226,9.39124,1.00,1.00
2015.10.22 21:48:32.937,9.38236,9.39124,1.00,1.00
2015.10.22 21:48:34.036,9.38246,9.39074,1.00,1.00
2015.10.22 21:48:34.406,9.38216,9.39044,1.00,1.00
2015.10.22 21:48:37.043,9.38196,9.39024,1.00,1.00
2015.10.22 21:48:39.366,9.38206,9.39024,0.75,1.00
2015.10.22 21:48:41.736,9.38206,9.39034,0.75,1.00
2015.10.22 21:48:42.856,9.38206,9.39024,0.75,1.00
2015.10.22 21:48:44.051,9.38186,9.39014,1.00,1.00
2015.10.22 21:48:46.357,9.38176,9.39004,1.00,1.00
2015.10.22 21:48:47.139,9.38206,9.39024,0.75,1.00
2015.10.22 21:48:48.451,9.38196,9.39024,1.00,1.00
2015.10.22 21:49:09.753,9.38186,9.39004,0.75,1.00
2015.10.22 21:49:22.740,9.38175,9.39005,1.00,1.00
2015.10.22 21:49:25.125,9.38186,9.39014,0.75,1.00
2015.10.22 21:49:27.137,9.38176,9.39064,1.00,1.00
2015.10.22 21:49:27.459,9.38266,9.39154,1.00,1.00
2015.10.22 21:49:27.707,9.38286,9.39184,1.00,1.00
2015.10.22 21:49:44.882,9.38306,9.39204,1.00,1.00
2015.10.22 21:49:45.914,9.38306,9.39194,1.00,1.00
2015.10.22 21:49:53.385,9.38286,9.39174,1.00,1.00
2015.10.22 21:49:53.436,9.38116,9.39014,1.00,1.00
2015.10.22 21:49:53.661,9.38125,9.39015,1.00,1.00
2015.10.22 21:49:54.390,9.38145,9.39035,1.00,1.00
2015.10.22 21:49:54.762,9.38166,9.39054,1.00,1.00
2015.10.22 21:49:55.594,9.38166,9.39064,1.00,1.00
2015.10.22 21:49:56.804,9.38166,9.39054,1.00,1.00
2015.10.22 21:49:57.904,9.38166,9.39064,1.00,1.00
2015.10.22 21:49:59.237,9.38176,9.39064,1.00,1.00
2015.10.22 21:50:33.449,9.38166,9.39064,1.00,1.00
2015.10.22 21:50:34.646,9.38176,9.39064,0.75,1.00
2015.10.22 21:50:35.868,9.38166,9.39064,1.00,1.00
2015.10.22 21:50:36.968,9.38176,9.39064,0.75,1.00
2015.10.22 21:50:41.881,9.38176,9.39074,1.00,1.00
2015.10.22 21:50:57.026,9.38176,9.39064,1.00,1.00
2015.10.22 21:50:58.626,9.38176,9.39074,1.00,1.00
2015.10.22 21:51:10.139,9.38256,9.39144,1.00,1.00
2015.10.22 21:51:10.493,9.38276,9.39164,1.00,1.00
2015.10.22 21:51:11.589,9.38286,9.39174,1.00,1.00
2015.10.22 21:51:11.985,9.38326,9.39214,1.00,1.00
2015.10.22 21:51:20.683,9.38316,9.39214,1.00,1.00
2015.10.22 21:51:20.918,9.38326,9.39224,1.00,1.00
2015.10.22 21:51:22.124,9.38316,9.39214,1.00,1.00
2015.10.22 21:51:22.434,9.38306,9.39204,1.00,1.00
2015.10.22 21:51:23.376,9.38326,9.39224,1.00,1.00
2015.10.22 21:51:23.744,9.38316,9.39204,1.00,1.00
2015.10.22 21:51:24.081,9.38336,9.39224,1.00,1.00
2015.10.22 21:51:32.049,9.38326,9.39214,1.00,1.00
2015.10.22 21:51:32.383,9.38356,9.39244,1.00,1.00
2015.10.22 21:51:33.480,9.38346,9.39234,1.00,1.00
2015.10.22 21:51:33.654,9.38346,9.39244,1.00,1.00
2015.10.22 21:51:34.981,9.38346,9.39234,1.00,1.00
2015.10.22 21:51:42.455,9.38346,9.39244,1.00,1.00
2015.10.22 21:51:42.674,9.38316,9.39214,1.00,1.00
2015.10.22 21:51:43.007,9.38326,9.39214,1.00,1.00
2015.10.22 21:51:43.360,9.38346,9.39244,1.00,1.00
2015.10.22 21:51:43.558,9.38346,9.39234,1.00,1.00
2015.10.22 21:51:43.909,9.38326,9.39214,1.00,1.00
2015.10.22 21:51:44.110,9.38316,9.39214,1.00,1.00
2015.10.22 21:51:44.374,9.38336,9.39234,1.00,1.00
2015.10.22 21:51:45.011,9.38306,9.39204,1.00,1.00
2015.10.22 21:51:45.314,9.38316,9.39204,1.00,1.00
2015.10.22 21:51:45.697,9.38326,9.39304,1.00,1.00
2015.10.22 21:51:45.976,9.38276,9.39274,1.00,1.00
2015.10.22 21:51:46.905,9.38296,9.39264,1.00,1.00
2015.10.22 21:51:47.105,9.38276,9.39254,1.00,1.00
2015.10.22 21:51:47.416,9.38296,9.39284,1.00,1.00
2015.10.22 21:51:47.667,9.38276,9.39254,1.00,1.00
2015.10.22 21:51:47.868,9.38276,9.39264,1.00,1.00
2015.10.22 21:51:49.298,9.38286,9.39254,1.00,1.00
2015.10.22 21:51:53.283,9.38296,9.39304,1.00,1.00
2015.10.22 21:51:53.501,9.38316,9.39334,1.00,1.00
2015.10.22 21:51:54.688,9.38326,9.39354,1.00,1.00
2015.10.22 21:51:54.891,9.38296,9.39324,1.00,1.00
2015.10.22 21:51:55.449,9.38326,9.39354,1.00,1.00
2015.10.22 21:53:44.972,9.38336,9.39354,1.00,1.00
2015.10.22 21:53:45.282,9.38345,9.39335,1.00,1.00
2015.10.22 21:53:48.672,9.38346,9.39324,1.00,1.00
2015.10.22 21:53:49.887,9.38346,9.39334,1.00,1.00
2015.10.22 21:53:53.406,9.38346,9.39324,1.00,1.00
2015.10.22 21:53:54.501,9.38346,9.39334,1.00,1.00
2015.10.22 21:54:08.769,9.38356,9.39334,1.00,1.00
2015.10.22 21:54:08.820,9.38345,9.39335,1.00,1.00
2015.10.22 21:54:09.163,9.38336,9.39354,1.00,1.00
2015.10.22 21:54:09.389,9.38366,9.39384,1.00,1.00
2015.10.22 21:54:09.692,9.38216,9.39254,1.00,1.00
2015.10.22 21:54:09.932,9.38316,9.39324,1.00,1.00
2015.10.22 21:54:10.488,9.38316,9.39354,1.00,1.00
2015.10.22 21:54:11.270,9.38326,9.39354,1.00,1.00
2015.10.22 21:54:11.601,9.38376,9.39364,1.00,1.00
2015.10.22 21:54:11.823,9.38366,9.39394,1.00,1.00
2015.10.22 21:54:12.871,9.38366,9.39384,1.00,1.00
2015.10.22 21:54:15.181,9.38365,9.39395,1.00,1.00
2015.10.22 21:54:19.932,9.38366,9.39384,1.00,1.00
2015.10.22 21:54:21.031,9.38366,9.39394,1.00,1.00
2015.10.22 21:54:22.422,9.38366,9.39384,1.00,1.00
2015.10.22 21:54:23.451,9.38366,9.39394,1.00,1.00
2015.10.22 21:54:24.551,9.38366,9.39384,1.00,1.00
2015.10.22 21:54:26.040,9.38336,9.39354,1.00,1.00
2015.10.22 21:54:26.861,9.38376,9.39344,1.00,1.00
2015.10.22 21:54:27.196,9.38376,9.39354,1.00,1.00
2015.10.22 21:54:28.290,9.38376,9.39334,1.00,1.00
2015.10.22 21:54:30.645,9.38356,9.39344,1.00,1.00
2015.10.22 21:54:30.965,9.38376,9.39354,1.00,1.00
2015.10.22 21:54:32.068,9.38376,9.39334,1.00,1.00
2015.10.22 21:54:33.736,9.38376,9.39344,1.00,1.00
2015.10.22 21:54:34.341,9.38376,9.39334,1.00,1.00
2015.10.22 21:54:36.783,9.38376,9.39344,1.00,1.00
2015.10.22 21:54:39.091,9.38376,9.39334,1.00,1.00
2015.10.22 21:54:43.721,9.38376,9.39344,1.00,1.00
2015.10.22 21:54:46.345,9.38406,9.39384,1.00,1.00
2015.10.22 21:54:47.605,9.38396,9.39374,1.00,1.00
2015.10.22 21:54:47.949,9.38376,9.39354,1.00,1.00
2015.10.22 21:54:48.200,9.38405,9.39385,1.00,1.00
2015.10.22 21:54:49.461,9.38396,9.39374,1.00,1.00
2015.10.22 21:54:50.086,9.38406,9.39384,1.00,1.00
2015.10.22 21:54:50.865,9.38396,9.39374,1.00,1.00
2015.10.22 21:54:51.572,9.38406,9.39384,1.00,1.00
2015.10.22 21:54:52.170,9.38396,9.39374,1.00,1.00
2015.10.22 21:54:52.476,9.38376,9.39354,1.00,1.00
2015.10.22 21:54:52.729,9.38296,9.39314,1.22,1.00
2015.10.22 21:54:53.382,9.38376,9.39394,1.00,1.00
2015.10.22 21:54:54.251,9.38415,9.39385,1.00,1.00
2015.10.22 21:54:54.471,9.38366,9.39384,1.00,1.00
2015.10.22 21:54:55.078,9.38235,9.39265,1.00,1.00
2015.10.22 21:54:55.179,9.38216,9.39254,1.00,1.00
2015.10.22 21:54:55.383,9.38326,9.39354,1.00,1.00
2015.10.22 21:54:55.731,9.38376,9.39384,1.00,1.00
2015.10.22 21:54:56.670,9.38376,9.39374,1.00,1.00
2015.10.22 21:54:57.880,9.38366,9.39374,1.00,1.00
2015.10.22 21:54:58.100,9.38396,9.39374,1.00,1.00
2015.10.22 21:54:59.204,9.38386,9.39364,1.00,1.00
2015.10.22 21:54:59.451,9.38376,9.39374,1.00,1.00
2015.10.22 21:55:00.660,9.38366,9.39364,1.00,1.00
2015.10.22 21:55:01.136,9.38356,9.39394,1.00,1.00
2015.10.22 21:55:05.732,9.38366,9.39384,1.00,1.00
2015.10.22 21:55:05.949,9.38356,9.39394,1.00,1.00
2015.10.22 21:55:07.122,9.38406,9.39384,1.00,1.00
2015.10.22 21:55:07.378,9.38356,9.39344,1.00,1.00
2015.10.22 21:55:07.679,9.38396,9.39384,1.00,1.00
2015.10.22 21:55:08.772,9.38396,9.39364,1.00,1.00
2015.10.22 21:55:11.092,9.38376,9.39374,1.00,1.00
2015.10.22 21:55:11.345,9.38356,9.39394,1.00,1.00
2015.10.22 21:55:12.443,9.38386,9.39354,1.00,1.00
2015.10.22 21:55:12.742,9.38365,9.39345,1.00,1.00
2015.10.22 21:55:13.612,9.38366,9.39334,1.00,1.00
2015.10.22 21:55:20.652,9.38386,9.39284,1.00,1.00
2015.10.22 21:55:20.911,9.38386,9.39364,1.00,1.00
2015.10.22 21:55:22.432,9.38376,9.39304,1.00,1.00
2015.10.22 21:55:23.218,9.38376,9.39354,1.00,1.00
2015.10.22 21:55:24.322,9.38396,9.39304,1.00,1.00
2015.10.22 21:55:24.633,9.38396,9.39374,1.00,1.00
2015.10.22 21:55:25.735,9.38386,9.39344,1.00,1.00
2015.10.22 21:55:25.937,9.38396,9.39394,1.00,1.00
2015.10.22 21:55:27.179,9.38416,9.39324,1.00,1.00
2015.10.22 21:55:27.381,9.38406,9.39384,1.00,1.00
2015.10.22 21:55:28.481,9.38416,9.39324,1.00,1.00
2015.10.22 21:55:28.814,9.38366,9.39354,1.00,1.00
2015.10.22 21:55:29.034,9.38406,9.39384,1.00,1.00
2015.10.22 21:55:29.336,9.38376,9.39354,1.00,1.00
2015.10.22 21:55:29.482,9.38336,9.39354,1.00,1.00
2015.10.22 21:55:29.787,9.38336,9.39364,1.00,1.00
2015.10.22 21:55:30.882,9.38395,9.39385,1.00,1.00
2015.10.22 21:55:31.235,9.38346,9.39334,1.00,1.00
2015.10.22 21:55:31.656,9.38406,9.39384,1.00,1.00
2015.10.22 21:55:32.554,9.38386,9.39304,1.00,1.00
2015.10.22 21:55:32.794,9.38356,9.39344,1.00,1.00
2015.10.22 21:55:33.746,9.38366,9.39344,1.00,1.00
2015.10.22 21:55:34.429,9.38376,9.39354,1.00,1.00
2015.10.22 21:55:35.173,9.38366,9.39354,1.00,1.00
2015.10.22 21:55:35.412,9.38375,9.39365,1.00,1.00
2015.10.22 21:55:36.492,9.38396,9.39304,1.00,1.00
2015.10.22 21:55:36.755,9.38376,9.39364,1.00,1.00
2015.10.22 21:55:38.183,9.38386,9.39334,1.00,1.00
2015.10.22 21:55:47.187,9.38366,9.39384,1.00,1.00
2015.10.22 21:55:47.491,9.38336,9.39354,1.00,1.00
2015.10.22 21:55:47.741,9.38365,9.39385,1.00,1.00
2015.10.22 21:55:48.611,9.38376,9.39334,1.00,1.00
2015.10.22 21:55:48.810,9.38366,9.39344,1.00,1.00
2015.10.22 21:55:49.145,9.38386,9.39374,1.00,1.00
2015.10.22 21:55:49.841,9.38306,9.39254,1.00,1.00
2015.10.22 21:55:50.201,9.38296,9.39304,1.00,1.00
2015.10.22 21:55:50.252,9.38345,9.39345,1.00,1.00
2015.10.22 21:55:51.241,9.38336,9.39364,1.00,1.00
2015.10.22 21:55:51.454,9.38366,9.39394,1.00,1.00
2015.10.22 21:55:52.174,9.38326,9.39344,1.00,1.00
2015.10.22 21:55:52.992,9.38346,9.39294,1.00,1.00
2015.10.22 21:55:53.218,9.38385,9.39345,1.00,1.00
2015.10.22 21:55:54.330,9.38396,9.39344,1.00,1.00
2015.10.22 21:55:54.533,9.38216,9.39244,1.00,1.00
2015.10.22 21:55:55.630,9.38226,9.39254,1.00,1.00
2015.10.22 21:55:55.961,9.38256,9.39274,1.00,1.00
2015.10.22 21:55:56.192,9.38236,9.39264,1.00,1.00
2015.10.22 21:55:56.413,9.38246,9.39264,1.00,1.00
2015.10.22 21:55:58.600,9.38256,9.39264,1.00,1.00
2015.10.22 21:55:59.822,9.38266,9.39284,1.00,1.00
2015.10.22 21:56:00.072,9.38246,9.39254,1.00,1.00
2015.10.22 21:56:00.251,9.38136,9.39194,1.00,1.00
2015.10.22 21:56:00.790,9.38226,9.39244,1.00,1.00
2015.10.22 21:56:01.505,9.38246,9.39264,1.00,1.00
2015.10.22 21:56:03.990,9.38256,9.39264,1.00,1.00
2015.10.22 21:56:06.193,9.38246,9.39264,1.00,1.00
2015.10.22 21:56:10.824,9.38256,9.39264,1.00,1.00
2015.10.22 21:56:11.041,9.38216,9.39244,1.00,1.00
2015.10.22 21:56:12.161,9.38206,9.39244,1.00,1.00
2015.10.22 21:56:12.352,9.38226,9.39244,1.00,1.00
2015.10.22 21:56:13.357,9.38226,9.39254,1.00,1.00
2015.10.22 21:56:14.571,9.38206,9.39244,1.00,1.00
2015.10.22 21:56:14.779,9.38216,9.39234,1.00,1.00
2015.10.22 21:56:16.005,9.38206,9.39244,1.00,1.00
2015.10.22 21:56:17.014,9.38196,9.39234,1.00,1.00
2015.10.22 21:56:17.415,9.38236,9.39254,1.00,1.00
2015.10.22 21:56:17.890,9.38326,9.39354,1.00,1.00
2015.10.22 21:56:18.092,9.38335,9.39385,1.00,1.00
2015.10.22 21:56:19.321,9.38356,9.39374,1.00,1.00
2015.10.22 21:56:19.828,9.38346,9.39394,1.00,1.00
2015.10.22 21:56:19.980,9.38376,9.39394,1.00,1.00
2015.10.22 21:56:20.132,9.38206,9.39264,1.00,1.00
2015.10.22 21:56:20.284,9.38256,9.39294,1.00,1.00
2015.10.22 21:56:20.638,9.38326,9.39344,1.00,1.00
2015.10.22 21:56:21.723,9.38336,9.39334,1.00,1.00
2015.10.22 21:56:21.944,9.38335,9.39365,1.00,1.00
2015.10.22 21:56:23.155,9.38326,9.39364,1.00,1.00
2015.10.22 21:56:23.378,9.38356,9.39354,1.00,1.00
2015.10.22 21:56:25.819,9.38366,9.39344,1.00,1.00
2015.10.22 21:56:25.920,9.38395,9.39385,1.00,1.00
2015.10.22 21:56:26.133,9.38297,9.39264,1.10,1.00
2015.10.22 21:56:26.336,9.38356,9.39384,1.00,1.00
2015.10.22 21:56:27.495,9.38356,9.39394,1.00,1.00
2015.10.22 21:56:29.805,9.38356,9.39384,1.00,1.00
2015.10.22 21:56:31.027,9.38356,9.39394,1.00,1.00
2015.10.22 21:56:32.248,9.38366,9.39394,1.00,1.00
2015.10.22 21:56:32.703,9.38386,9.39374,1.00,1.00
2015.10.22 21:56:33.570,9.38386,9.39364,1.00,1.00
2015.10.22 21:56:35.843,9.38396,9.39374,1.00,1.00
2015.10.22 21:56:45.560,9.38386,9.39374,1.00,1.00
2015.10.22 21:56:45.730,9.38395,9.39375,1.00,1.00
2015.10.22 21:56:46.001,9.38366,9.39384,1.00,1.00
2015.10.22 21:56:46.323,9.38376,9.39394,1.00,1.00
2015.10.22 21:56:47.400,9.38365,9.39395,1.00,1.00
2015.10.22 21:56:47.631,9.38406,9.39384,1.00,1.00
2015.10.22 21:56:48.809,9.38406,9.39394,1.00,1.00
2015.10.22 21:56:52.517,9.38396,9.39394,1.00,1.00
2015.10.22 21:56:52.569,9.38356,9.39384,1.00,1.00
2015.10.22 21:56:53.760,9.38356,9.39394,1.00,1.00
2015.10.22 21:56:54.684,9.38226,9.39274,1.00,1.00
2015.10.22 21:56:54.886,9.38266,9.39294,1.00,1.00
2015.10.22 21:56:56.221,9.38276,9.39304,1.00,1.00
2015.10.22 21:56:56.569,9.38356,9.39364,1.00,1.00
2015.10.22 21:56:56.671,9.38336,9.39374,1.00,1.00
2015.10.22 21:56:57.012,9.38366,9.39394,1.00,1.00
2015.10.22 21:56:57.215,9.38336,9.39374,1.00,1.00
2015.10.22 21:56:57.428,9.38366,9.39404,1.00,1.00
2015.10.22 21:56:58.713,9.38376,9.39394,1.00,1.00
2015.10.22 21:57:12.086,9.38267,9.39254,1.21,1.00
2015.10.22 21:57:12.137,9.38216,9.39254,1.00,1.00
2015.10.22 21:57:23.918,9.38226,9.39274,1.00,1.00
2015.10.22 21:57:24.137,9.38316,9.39354,1.00,1.00
2015.10.22 21:57:24.352,9.38326,9.39374,1.00,1.00
2015.10.22 21:57:25.455,9.38335,9.39375,1.00,1.00
2015.10.22 21:57:25.760,9.38336,9.39354,1.00,1.00
2015.10.22 21:58:11.047,9.38336,9.39364,1.00,1.00
2015.10.22 21:58:14.336,9.38336,9.39354,1.00,1.00
2015.10.22 21:58:15.454,9.38336,9.39364,1.00,1.00
2015.10.22 21:58:17.859,9.38336,9.39354,1.00,1.00
2015.10.22 21:58:19.168,9.38346,9.39364,1.00,1.00
2015.10.22 21:58:20.167,9.38346,9.39334,1.00,1.00
2015.10.22 21:59:24.207,9.38366,9.39354,0.75,0.75
2015.10.22 21:59:24.557,9.38346,9.39334,0.75,0.75
2015.10.22 21:59:24.660,9.38386,9.39404,0.75,0.75
2015.10.22 21:59:25.734,9.38376,9.39394,0.75,0.75
2015.10.22 21:59:26.063,9.38335,9.39365,0.75,0.75
2015.10.22 21:59:26.935,9.38395,9.39375,0.75,0.75
2015.10.22 21:59:27.270,9.38376,9.39354,0.75,0.75
2015.10.22 21:59:27.889,9.38406,9.39384,0.75,0.75
2015.10.22 21:59:28.920,9.38396,9.39374,0.75,0.75
2015.10.22 21:59:29.236,9.38376,9.39354,0.75,0.75
2015.10.22 21:59:29.571,9.38406,9.39384,0.75,0.75
2015.10.22 21:59:30.565,9.38395,9.39375,0.75,0.75
2015.10.22 21:59:30.777,9.38406,9.39384,0.75,0.75
2015.10.22 21:59:31.907,9.38395,9.39375,0.75,0.75
2015.10.22 21:59:32.138,9.38406,9.39384,0.75,0.75
2015.10.22 21:59:33.346,9.38396,9.39374,0.75,0.75
2015.10.22 21:59:35.809,9.38406,9.39374,0.75,0.75
2015.10.22 21:59:35.860,9.38406,9.39384,0.75,0.75
2015.10.22 21:59:37.052,9.38396,9.39374,0.75,0.75
2015.10.22 21:59:37.428,9.38406,9.39384,0.75,0.75
2015.10.22 21:59:38.366,9.38396,9.39374,0.75,0.75
2015.10.22 21:59:38.732,9.38405,9.39385,0.75,0.75
2015.10.22 21:59:39.175,9.38376,9.39394,0.75,0.75
2015.10.22 21:59:39.487,9.38336,9.39364,0.75,0.75
2015.10.22 21:59:39.697,9.38376,9.39404,0.75,0.75
2015.10.22 21:59:40.569,9.38376,9.39394,0.75,0.75
2015.10.22 21:59:51.704,9.38396,9.39364,0.75,0.75
2015.10.22 21:59:52.122,9.38366,9.39344,0.75,0.75
2015.10.22 21:59:52.275,9.38385,9.39375,0.75,0.75
2015.10.22 21:59:53.334,9.38386,9.39394,0.75,0.75
2015.10.22 21:59:55.656,9.38406,9.39394,0.75,0.75
2015.10.22 21:59:56.011,9.38366,9.39354,0.75,0.75
2015.10.22 21:59:56.431,9.38406,9.39384,0.75,0.75
2015.10.22 21:59:57.212,9.38415,9.39395,0.75,0.75
2015.10.22 21:59:57.314,9.38406,9.39384,0.75,0.75
2015.10.22 21:59:58.627,9.38416,9.39304,0.75,0.75
