2013.05.15 02:00:17.698,8.62286,8.62742,1.50,1.50
2013.05.15 02:00:27.290,8.62281,8.62722,1.50,2.25
2013.05.15 02:00:27.359,8.62256,8.6271,1.50,1.50
2013.05.15 02:00:27.428,8.62232,8.62688,1.50,1.50
2013.05.15 02:00:32.059,8.62318,8.62662,1.50,1.50
2013.05.15 02:01:32.048,8.62387,8.6272,1.50,1.50
2013.05.15 02:01:32.167,8.62387,8.62733,1.50,1.50
2013.05.15 02:02:27.158,8.62337,8.62683,2.25,1.50
2013.05.15 02:02:27.277,8.62337,8.62683,1.50,1.50
2013.05.15 02:03:27.138,8.62298,8.62752,1.50,1.50
2013.05.15 02:03:28.598,8.62283,8.62737,1.50,1.50
2013.05.15 02:03:32.028,8.62388,8.62732,1.50,2.25
2013.05.15 02:03:32.208,8.62388,8.62732,1.50,1.50
2013.05.15 02:04:32.195,8.62342,8.62796,1.50,1.50
2013.05.15 02:04:33.907,8.62342,8.62796,1.50,1.50
2013.05.15 02:04:51.459,8.62284,8.62762,1.50,1.50
2013.05.15 02:04:51.529,8.62284,8.6274,1.50,1.50
2013.05.15 02:05:11.880,8.62284,8.6274,1.50,1.50
2013.05.15 02:05:29.309,8.62308,8.62652,1.50,1.50
2013.05.15 02:05:34.827,8.62377,8.62714,1.50,1.50
2013.05.15 02:05:34.910,8.62377,8.62723,1.50,1.50
2013.05.15 02:06:35.529,8.62332,8.62788,1.50,1.50
2013.05.15 02:06:35.888,8.62332,8.62788,1.50,1.50
2013.05.15 02:06:57.587,8.62363,8.62843,1.50,1.50
2013.05.15 02:06:57.719,8.62427,8.62773,1.50,2.25
2013.05.15 02:06:57.839,8.62427,8.62773,1.50,1.50
2013.05.15 02:07:58.255,8.62366,8.62822,1.50,1.50
2013.05.15 02:08:29.311,8.62367,8.62713,2.25,1.50
2013.05.15 02:08:29.888,8.62367,8.62713,1.50,1.50
2013.05.15 02:09:29.361,8.62323,8.62777,1.50,1.50
2013.05.15 02:09:30.968,8.62317,8.62771,1.50,1.50
2013.05.15 02:09:31.960,8.62418,8.62762,1.50,2.25
2013.05.15 02:09:32.149,8.62418,8.62762,1.50,1.50
2013.05.15 02:10:26.949,8.62368,8.62712,2.25,1.50
2013.05.15 02:10:27.008,8.62368,8.62712,1.50,1.50
2013.05.15 02:10:28.448,8.62325,8.62779,1.50,1.50
2013.05.15 02:10:28.570,8.6229,8.62746,1.50,1.50
2013.05.15 02:10:28.879,8.61987,8.62263,1.50,2.55
2013.05.15 02:10:29.658,8.61984,8.62262,1.50,1.50
2013.05.15 02:10:29.718,8.61947,8.62262,1.50,1.50
2013.05.15 02:10:29.778,8.61903,8.62083,1.50,1.50
2013.05.15 02:10:29.958,8.61738,8.62083,1.50,1.50
2013.05.15 02:10:30.910,8.61848,8.62147,1.50,1.50
2013.05.15 02:10:31.039,8.61848,8.62192,1.50,2.25
2013.05.15 02:10:31.110,8.61848,8.62192,1.50,1.50
2013.05.15 02:10:31.900,8.61907,8.62253,1.50,2.25
2013.05.15 02:10:32.029,8.61907,8.62253,1.50,1.50
2013.05.15 02:10:34.585,8.61907,8.62253,2.25,1.50
2013.05.15 02:10:35.576,8.61907,8.62253,2.25,1.50
2013.05.15 02:11:26.949,8.61907,8.62253,1.50,1.50
2013.05.15 02:11:27.070,8.61869,8.62192,1.50,1.50
2013.05.15 02:11:27.259,8.61848,8.62192,1.50,1.50
2013.05.15 02:11:27.319,8.61938,8.62273,1.50,1.50
2013.05.15 02:11:27.509,8.61938,8.62282,1.50,1.50
2013.05.15 02:11:28.439,8.61893,8.62347,1.50,1.50
2013.05.15 02:11:28.560,8.61863,8.62319,1.50,1.50
2013.05.15 02:11:31.960,8.61958,8.62302,1.50,2.25
2013.05.15 02:11:32.089,8.61958,8.62302,1.50,1.50
2013.05.15 02:12:31.959,8.6192,8.62374,1.50,1.50
2013.05.15 02:12:33.860,8.6192,8.62374,1.50,1.50
2013.05.15 02:12:54.008,8.61938,8.62382,1.50,1.50
2013.05.15 02:13:14.858,8.61927,8.62381,1.50,1.50
2013.05.15 02:13:32.030,8.62017,8.62363,1.50,2.25
2013.05.15 02:13:32.210,8.62017,8.62363,1.50,1.50
2013.05.15 02:14:27.393,8.61957,8.62303,2.25,1.50
2013.05.15 02:14:27.476,8.61957,8.62303,1.50,1.50
2013.05.15 02:14:27.598,8.62098,8.62408,1.50,1.50
2013.05.15 02:14:27.659,8.62098,8.62408,1.50,1.50
2013.05.15 02:14:27.789,8.62051,8.62483,1.50,2.25
2013.05.15 02:14:27.909,8.61999,8.62455,1.50,1.50
2013.05.15 02:14:28.239,8.62058,8.62402,1.50,1.50
2013.05.15 02:14:40.360,8.61985,8.62439,1.50,1.50
2013.05.15 02:14:40.610,8.61928,8.62469,1.50,1.50
2013.05.15 02:14:40.679,8.61928,8.62469,1.50,1.50
2013.05.15 02:14:40.739,8.61969,8.62425,1.50,1.50
2013.05.15 02:14:54.452,8.61969,8.62425,1.50,1.50
2013.05.15 02:15:14.979,8.61986,8.62442,1.50,1.50
2013.05.15 02:15:16.560,8.61986,8.62312,1.50,1.50
2013.05.15 02:15:16.768,8.61968,8.62312,1.50,1.50
2013.05.15 02:16:16.707,8.61928,8.62382,1.50,1.50
2013.05.15 02:16:17.891,8.61928,8.62382,1.50,1.50
2013.05.15 02:16:38.947,8.6193,8.62386,1.50,1.50
2013.05.15 02:16:58.919,8.6193,8.62386,1.50,1.50
2013.05.15 02:17:41.238,8.61934,8.62388,1.50,1.50
2013.05.15 02:18:01.988,8.61931,8.62385,1.50,1.50
2013.05.15 02:18:22.938,8.61931,8.62387,1.50,1.50
2013.05.15 02:18:43.277,8.61916,8.6237,1.50,1.50
2013.05.15 02:19:03.989,8.61917,8.62371,1.50,1.50
2013.05.15 02:19:12.389,8.61917,8.62343,1.50,1.50
2013.05.15 02:19:12.509,8.61872,8.62326,1.50,1.50
2013.05.15 02:19:32.188,8.61958,8.62302,1.50,2.25
2013.05.15 02:20:32.243,8.61909,8.62365,1.50,1.50
2013.05.15 02:20:33.940,8.61922,8.62378,1.50,1.50
2013.05.15 02:21:15.941,8.61922,8.62378,1.50,1.50
2013.05.15 02:21:32.288,8.61924,8.62378,1.50,1.50
2013.05.15 02:21:32.349,8.61902,8.62213,1.50,1.50
2013.05.15 02:21:32.420,8.61867,8.62213,1.50,1.50
2013.05.15 02:21:32.890,8.61797,8.62143,2.25,1.50
2013.05.15 02:21:34.029,8.61797,8.62143,1.50,1.50
2013.05.15 02:21:34.339,8.61758,8.62214,1.50,1.50
2013.05.15 02:21:35.170,8.61758,8.62073,1.50,1.50
2013.05.15 02:21:35.358,8.61727,8.62073,2.25,1.50
2013.05.15 02:21:55.878,8.61727,8.62073,1.50,1.50
2013.05.15 02:22:35.179,8.61698,8.62135,1.50,1.50
2013.05.15 02:22:58.959,8.61681,8.62137,1.50,1.50
2013.05.15 02:23:27.099,8.61681,8.62013,1.50,1.50
2013.05.15 02:23:27.219,8.61667,8.62013,2.25,1.50
2013.05.15 02:23:27.279,8.61637,8.62091,3.00,1.50
2013.05.15 02:23:27.470,8.61689,8.62145,1.50,1.50
2013.05.15 02:23:31.918,8.61777,8.62123,1.50,2.25
2013.05.15 02:23:32.158,8.61777,8.62123,1.50,1.50
2013.05.15 02:24:31.879,8.6173,8.62184,1.50,1.50
2013.05.15 02:24:33.898,8.6173,8.62184,1.50,1.50
2013.05.15 02:25:32.660,8.61858,8.62197,1.50,1.50
2013.05.15 02:25:32.730,8.61858,8.62202,1.50,2.25
2013.05.15 02:25:32.800,8.61858,8.62202,1.50,1.50
2013.05.15 02:26:27.669,8.61809,8.62133,1.50,1.50
2013.05.15 02:26:27.800,8.61787,8.62133,1.50,1.50
2013.05.15 02:27:00.409,8.61838,8.62182,1.50,1.50
2013.05.15 02:27:28.798,8.6179,8.62132,1.50,1.50
2013.05.15 02:27:28.989,8.61788,8.62132,1.50,1.50
2013.05.15 02:27:31.849,8.61847,8.62193,1.50,2.25
2013.05.15 02:27:32.089,8.61847,8.62193,1.50,1.50
2013.05.15 02:28:31.869,8.618,8.62256,1.50,1.50
2013.05.15 02:28:33.812,8.618,8.62256,1.50,1.50
2013.05.15 02:28:54.950,8.61803,8.62259,1.50,1.50
2013.05.15 02:29:15.989,8.61804,8.6226,1.50,1.50
2013.05.15 02:29:27.170,8.61804,8.62123,1.50,1.50
2013.05.15 02:29:27.230,8.61777,8.62123,2.25,1.50
2013.05.15 02:29:27.290,8.61757,8.62203,2.25,1.50
2013.05.15 02:29:27.419,8.61757,8.62238,2.25,1.50
2013.05.15 02:29:27.539,8.61807,8.62263,1.50,1.50
2013.05.15 02:29:31.874,8.61918,8.62262,1.50,2.25
2013.05.15 02:29:32.059,8.61918,8.62262,1.50,1.50
2013.05.15 02:29:56.313,8.62077,8.62326,1.50,1.50
2013.05.15 02:29:56.443,8.62077,8.62437,1.50,1.50
2013.05.15 02:29:56.513,8.62021,8.62447,1.50,2.33
2013.05.15 02:29:56.583,8.61953,8.62437,1.50,1.50
2013.05.15 02:29:56.651,8.61953,8.62409,1.50,1.50
2013.05.15 02:29:57.730,8.61978,8.62322,2.25,1.50
2013.05.15 02:29:59.730,8.6193,8.62386,1.50,1.50
2013.05.15 02:29:59.851,8.61955,8.62411,1.50,1.50
2013.05.15 02:30:00.901,8.62008,8.62352,1.50,1.50
2013.05.15 02:30:10.161,8.61955,8.62293,1.50,1.50
2013.05.15 02:30:10.471,8.61947,8.62293,1.50,1.50
2013.05.15 02:30:15.429,8.61904,8.62222,1.50,1.50
2013.05.15 02:30:15.550,8.61878,8.62222,2.25,1.50
2013.05.15 02:30:16.634,8.61878,8.62222,1.50,1.50
2013.05.15 02:30:27.129,8.61837,8.62172,1.50,1.50
2013.05.15 02:30:27.210,8.61828,8.62172,1.50,1.50
2013.05.15 02:30:31.970,8.61887,8.62233,1.50,1.50
2013.05.15 02:30:33.360,8.61957,8.62286,1.50,1.50
2013.05.15 02:30:33.540,8.61957,8.62303,1.50,2.25
2013.05.15 02:30:33.660,8.61957,8.62303,1.50,1.50
2013.05.15 02:31:33.381,8.61917,8.62373,1.50,1.50
2013.05.15 02:31:46.039,8.61921,8.62377,1.50,1.50
2013.05.15 02:32:05.929,8.6191,8.62364,1.50,1.50
2013.05.15 02:33:06.015,8.61788,8.62486,2.63,1.50
2013.05.15 02:33:16.910,8.61807,8.62353,1.50,1.50
2013.05.15 02:33:17.269,8.6187,8.62326,1.50,1.50
2013.05.15 02:33:32.003,8.61957,8.62303,1.50,1.50
2013.05.15 02:34:27.541,8.61922,8.62376,1.50,1.50
2013.05.15 02:34:33.899,8.61917,8.62373,1.50,1.50
2013.05.15 02:35:35.238,8.61795,8.62491,2.85,1.50
2013.05.15 02:36:18.766,8.61805,8.62485,1.50,1.50
2013.05.15 02:36:20.338,8.61919,8.62373,1.50,1.50
2013.05.15 02:36:38.761,8.61919,8.62373,1.50,1.50
2013.05.15 02:36:59.858,8.61919,8.62375,1.50,1.50
2013.05.15 02:37:20.951,8.6192,8.62376,1.50,1.50
2013.05.15 02:37:41.928,8.61926,8.6238,1.50,1.50
2013.05.15 02:38:03.108,8.61926,8.6238,1.50,1.50
2013.05.15 02:38:23.888,8.61918,8.62372,1.50,1.50
2013.05.15 02:38:44.479,8.61918,8.62372,1.50,1.50
2013.05.15 02:39:04.891,8.61918,8.62372,1.50,1.50
2013.05.15 02:40:04.841,8.61818,8.62485,1.50,1.50
2013.05.15 02:40:05.150,8.61805,8.62495,1.50,1.80
2013.05.15 02:40:06.770,8.61818,8.62485,1.50,1.50
2013.05.15 02:40:07.156,8.61922,8.62378,1.50,1.50
2013.05.15 02:40:26.898,8.61918,8.62372,1.50,1.50
2013.05.15 02:40:28.189,8.61937,8.62283,2.25,1.50
2013.05.15 02:40:28.369,8.61937,8.62283,1.50,1.50
2013.05.15 02:40:29.181,8.61893,8.62347,1.50,1.50
2013.05.15 02:40:29.420,8.61866,8.62322,1.50,1.50
2013.05.15 02:40:34.981,8.61891,8.62359,1.50,1.50
2013.05.15 02:40:35.050,8.61903,8.62359,1.50,1.50
2013.05.15 02:40:35.630,8.61938,8.62282,1.50,1.50
2013.05.15 02:40:39.920,8.61903,8.62359,1.50,1.50
2013.05.15 02:40:55.963,8.61917,8.62371,1.50,1.50
2013.05.15 02:41:16.894,8.61917,8.62371,1.50,1.50
2013.05.15 02:41:36.992,8.61916,8.62372,1.50,1.50
2013.05.15 02:42:28.990,8.61882,8.62347,1.50,1.50
2013.05.15 02:42:29.050,8.61882,8.62338,1.50,1.50
2013.05.15 02:42:49.951,8.61879,8.62335,1.50,1.50
2013.05.15 02:42:57.890,8.61905,8.62368,1.50,1.50
2013.05.15 02:42:57.950,8.61914,8.62368,1.50,1.50
2013.05.15 02:43:05.861,8.61937,8.62283,2.25,1.50
2013.05.15 02:43:05.990,8.61937,8.62283,1.50,1.50
2013.05.15 02:43:06.109,8.61891,8.62347,1.50,1.50
2013.05.15 02:43:06.170,8.61888,8.62347,1.50,1.50
2013.05.15 02:43:06.230,8.61863,8.62319,1.50,1.50
2013.05.15 02:43:26.986,8.61863,8.62317,1.50,1.50
2013.05.15 02:43:45.371,8.61863,8.62192,1.50,1.50
2013.05.15 02:43:45.500,8.61848,8.62192,1.50,1.50
2013.05.15 02:44:45.380,8.61801,8.62255,1.50,1.50
2013.05.15 02:44:45.569,8.61897,8.62243,1.50,2.25
2013.05.15 02:44:45.691,8.61897,8.62243,1.50,1.50
2013.05.15 02:45:46.467,8.6185,8.62304,1.50,1.50
2013.05.15 02:45:46.935,8.61845,8.62299,1.50,1.50
2013.05.15 02:46:06.900,8.61846,8.62302,1.50,1.50
2013.05.15 02:46:27.211,8.61827,8.62283,1.50,2.25
2013.05.15 02:46:27.917,8.61838,8.62182,1.50,1.50
2013.05.15 02:46:32.101,8.61907,8.62253,1.50,2.25
2013.05.15 02:46:32.321,8.61907,8.62253,1.50,1.50
2013.05.15 02:47:33.786,8.61861,8.62315,1.50,1.50
2013.05.15 02:47:33.909,8.61855,8.62311,1.50,1.50
2013.05.15 02:47:59.922,8.61855,8.62283,1.50,1.50
2013.05.15 02:48:00.101,8.61809,8.62263,1.50,1.50
2013.05.15 02:48:00.341,8.61837,8.62183,1.50,1.50
2013.05.15 02:48:20.062,8.61791,8.62243,1.50,2.25
2013.05.15 02:48:20.131,8.61764,8.6222,1.50,1.50
2013.05.15 02:48:20.592,8.61764,8.6222,1.50,1.50
2013.05.15 02:48:32.032,8.61858,8.62202,1.50,2.25
2013.05.15 02:48:32.194,8.61858,8.62202,1.50,1.50
2013.05.15 02:49:26.840,8.61816,8.6227,1.50,1.50
2013.05.15 02:49:27.140,8.61793,8.62249,1.50,1.50
2013.05.15 02:49:27.620,8.61838,8.62182,1.50,1.50
2013.05.15 02:49:32.031,8.61897,8.62243,1.50,2.25
2013.05.15 02:49:32.102,8.61897,8.62243,1.50,1.50
2013.05.15 02:50:32.346,8.61849,8.62305,1.50,1.50
2013.05.15 02:50:33.756,8.61846,8.623,1.50,1.50
2013.05.15 02:51:22.992,8.61846,8.62183,1.50,1.50
2013.05.15 02:51:23.181,8.61837,8.62183,1.50,1.50
2013.05.15 02:52:18.142,8.61793,8.62232,1.50,2.25
2013.05.15 02:52:18.282,8.61753,8.62207,1.50,1.50
2013.05.15 02:52:32.254,8.61838,8.62182,1.50,1.50
2013.05.15 02:53:31.972,8.61898,8.62242,1.50,2.25
2013.05.15 02:53:32.091,8.61898,8.62242,1.50,1.50
2013.05.15 02:54:32.829,8.61849,8.62305,1.50,1.50
2013.05.15 02:54:33.870,8.61847,8.62301,1.50,1.50
2013.05.15 02:55:35.000,8.61727,8.62414,2.63,1.50
2013.05.15 02:55:35.149,8.61727,8.62414,2.63,1.50
2013.05.15 02:55:35.272,8.61828,8.62172,2.25,1.50
2013.05.15 02:55:35.452,8.61828,8.62172,2.25,1.50
2013.05.15 02:55:35.512,8.61828,8.62172,1.50,1.50
2013.05.15 02:56:35.312,8.61786,8.6224,1.50,1.50
2013.05.15 02:56:36.854,8.61786,8.6224,1.50,1.50
2013.05.15 02:56:57.842,8.61787,8.62222,1.50,1.50
2013.05.15 02:57:17.795,8.61787,8.62222,1.50,1.50
2013.05.15 02:57:27.101,8.61784,8.62123,1.50,1.50
2013.05.15 02:57:27.281,8.61777,8.62123,1.50,1.50
2013.05.15 02:57:28.242,8.61744,8.62198,1.50,1.50
2013.05.15 02:57:32.292,8.61857,8.62198,1.50,1.50
2013.05.15 02:57:32.412,8.61857,8.62203,1.50,1.50
2013.05.15 02:58:21.502,8.61928,8.62272,1.50,2.25
2013.05.15 02:58:21.632,8.61928,8.62272,1.50,1.50
2013.05.15 02:58:27.431,8.61873,8.62327,1.50,1.50
2013.05.15 02:58:40.411,8.61927,8.62273,1.50,1.50
2013.05.15 02:58:41.601,8.61873,8.62327,1.50,1.50
2013.05.15 02:58:41.667,8.61898,8.62354,1.50,1.50
2013.05.15 02:58:41.801,8.619,8.62354,1.50,1.50
2013.05.15 02:58:57.181,8.619,8.62354,1.50,1.50
2013.05.15 02:58:57.243,8.61919,8.62375,1.50,1.50
2013.05.15 02:58:57.432,8.619,8.62354,1.50,1.50
2013.05.15 02:58:57.733,8.61947,8.62293,1.50,1.50
2013.05.15 02:59:58.423,8.6191,8.62366,1.50,1.50
