2010.07.22 04:00:10.800,9.44725,9.45385,1.60,1.60
2010.07.22 04:00:14.531,9.4481,9.45385,1.00,1.60
2010.07.22 04:00:16.539,9.4479,9.45385,1.00,1.60
2010.07.22 04:00:16.659,9.4481,9.45385,1.00,1.60
2010.07.22 04:00:45.348,9.4482,9.45385,1.00,1.60
2010.07.22 04:00:45.769,9.4481,9.45385,1.00,1.60
2010.07.22 04:00:49.069,9.4482,9.45385,1.00,1.60
2010.07.22 04:00:52.262,9.4481,9.45385,1.00,1.60
2010.07.22 04:01:04.528,9.4482,9.45385,1.00,1.60
2010.07.22 04:01:10.481,9.4481,9.45385,1.00,1.60
2010.07.22 04:01:13.349,9.4482,9.45385,1.00,1.60
2010.07.22 04:01:17.489,9.4481,9.45385,1.00,1.60
2010.07.22 04:01:23.369,9.4482,9.45385,1.00,1.60
2010.07.22 04:01:26.689,9.4481,9.45385,1.00,1.60
2010.07.22 04:01:28.330,9.4481,9.45375,1.00,1.60
2010.07.22 04:01:30.968,9.4482,9.45375,1.00,1.60
2010.07.22 04:02:25.512,9.4482,9.45365,1.00,1.60
2010.07.22 04:02:44.880,9.4482,9.45355,1.00,1.60
2010.07.22 04:04:18.152,9.4482,9.45385,1.00,1.60
2010.07.22 04:04:18.481,9.4482,9.45375,1.00,1.60
2010.07.22 04:04:20.261,9.4482,9.45385,1.00,1.60
2010.07.22 04:04:29.050,9.4482,9.45375,1.00,1.60
2010.07.22 04:04:29.870,9.4482,9.45365,1.00,1.60
2010.07.22 04:05:03.161,9.4482,9.45355,1.00,1.60
2010.07.22 04:05:47.140,9.4481,9.45355,1.00,1.60
2010.07.22 04:05:51.909,9.4482,9.45355,1.00,1.60
2010.07.22 04:07:03.005,9.4481,9.45355,1.00,1.60
2010.07.22 04:07:05.758,9.4482,9.45355,1.00,1.60
2010.07.22 04:07:19.912,9.4481,9.45355,1.00,1.60
2010.07.22 04:07:21.233,9.4479,9.45355,1.00,1.60
2010.07.22 04:07:27.342,9.4481,9.45355,1.00,1.60
2010.07.22 04:07:31.770,9.4479,9.45355,1.00,1.60
2010.07.22 04:07:31.879,9.4481,9.45355,1.00,1.60
2010.07.22 04:07:35.891,9.4482,9.45355,1.00,1.60
2010.07.22 04:07:38.619,9.4481,9.45355,1.00,1.60
2010.07.22 04:07:45.079,9.4479,9.45355,1.00,1.60
2010.07.22 04:08:00.974,9.4481,9.45355,1.00,1.60
2010.07.22 04:08:01.670,9.4479,9.45355,1.00,1.60
2010.07.22 04:08:04.597,9.4481,9.45355,1.00,1.60
2010.07.22 04:08:07.081,9.4479,9.45355,1.00,1.60
2010.07.22 04:08:09.071,9.4477,9.45355,1.00,1.60
2010.07.22 04:08:12.699,9.4479,9.45355,1.00,1.60
2010.07.22 04:08:14.849,9.4477,9.45355,1.00,1.60
2010.07.22 04:08:16.956,9.4479,9.45355,1.00,1.60
2010.07.22 04:08:53.590,9.4481,9.45355,1.00,1.60
2010.07.22 04:09:07.561,9.4479,9.45355,1.00,1.60
2010.07.22 04:11:24.031,9.4479,9.45385,1.00,1.60
2010.07.22 04:11:24.209,9.4479,9.45375,1.00,1.60
2010.07.22 04:11:51.166,9.4479,9.45355,1.00,1.60
2010.07.22 04:12:21.017,9.4477,9.45355,1.00,1.60
2010.07.22 04:12:30.380,9.4473,9.45355,1.00,1.60
2010.07.22 04:12:53.621,9.4473,9.45345,1.00,1.60
2010.07.22 04:13:18.010,9.44725,9.45355,1.60,1.60
2010.07.22 04:13:19.621,9.4473,9.45355,1.00,1.60
2010.07.22 04:13:21.540,9.44725,9.45355,1.60,1.60
2010.07.22 04:15:52.051,9.44725,9.45345,1.60,1.60
2010.07.22 04:16:53.122,9.44725,9.45355,1.60,1.60
2010.07.22 04:17:23.372,9.44725,9.45345,1.60,1.60
2010.07.22 04:17:27.864,9.44725,9.45355,1.60,1.60
2010.07.22 04:17:28.020,9.44725,9.45345,1.60,1.60
2010.07.22 04:17:28.911,9.44725,9.45355,1.60,1.60
2010.07.22 04:17:29.733,9.44725,9.45345,1.60,1.60
2010.07.22 04:19:22.642,9.44725,9.45355,1.60,1.60
2010.07.22 04:21:29.132,9.44725,9.45365,1.60,1.60
2010.07.22 04:22:17.227,9.44725,9.45335,1.60,1.60
2010.07.22 04:24:06.613,9.44725,9.45345,1.60,1.60
2010.07.22 04:24:45.822,9.44725,9.45335,1.60,1.60
2010.07.22 04:24:58.901,9.44725,9.45325,1.60,1.60
2010.07.22 04:25:05.062,9.44725,9.45335,1.60,1.60
2010.07.22 04:26:46.118,9.44725,9.45345,1.60,1.60
2010.07.22 04:26:50.515,9.44725,9.45335,1.60,1.60
2010.07.22 04:27:25.124,9.4473,9.45335,1.00,1.60
2010.07.22 04:27:35.543,9.44725,9.45335,1.60,1.60
2010.07.22 04:27:35.842,9.4473,9.45335,1.00,1.60
2010.07.22 04:27:38.144,9.44725,9.45335,1.60,1.60
2010.07.22 04:27:40.282,9.4473,9.45335,1.00,1.60
2010.07.22 04:27:42.122,9.44725,9.45335,1.60,1.60
2010.07.22 04:28:03.901,9.4473,9.45335,1.00,1.60
2010.07.22 04:28:05.604,9.44725,9.45335,1.60,1.60
2010.07.22 04:28:06.721,9.4473,9.45335,1.00,1.60
2010.07.22 04:28:08.307,9.44725,9.45335,1.60,1.60
2010.07.22 04:28:12.224,9.44725,9.45325,1.60,1.60
2010.07.22 04:28:16.293,9.4473,9.45325,1.00,1.60
2010.07.22 04:28:22.945,9.4473,9.45315,1.00,1.60
2010.07.22 04:28:33.246,9.4473,9.45305,1.00,1.60
2010.07.22 04:28:56.194,9.4473,9.45315,1.00,1.60
2010.07.22 04:29:02.133,9.4473,9.45305,1.00,1.60
2010.07.22 04:29:17.843,9.44725,9.45305,1.60,1.60
2010.07.22 04:29:38.052,9.4473,9.45305,1.00,1.60
2010.07.22 04:29:42.419,9.4473,9.45295,1.00,1.60
2010.07.22 04:29:45.332,9.4477,9.45295,1.00,1.60
2010.07.22 04:29:51.514,9.4473,9.45295,1.00,1.60
2010.07.22 04:30:14.754,9.4477,9.45295,1.00,1.60
2010.07.22 04:30:15.272,9.4473,9.45295,1.00,1.60
2010.07.22 04:30:15.502,9.4477,9.45295,1.00,1.60
2010.07.22 04:30:18.173,9.4473,9.45295,1.00,1.60
2010.07.22 04:30:19.202,9.4477,9.45295,1.00,1.60
2010.07.22 04:30:21.066,9.4473,9.45295,1.00,1.60
2010.07.22 04:30:56.413,9.4473,9.45305,1.00,1.60
2010.07.22 04:31:35.685,9.4473,9.45295,1.00,1.60
2010.07.22 04:32:02.775,9.4473,9.45285,1.00,1.60
2010.07.22 04:32:12.675,9.4475,9.45445,3.20,1.60
2010.07.22 04:32:12.796,9.44825,9.45445,1.60,1.60
2010.07.22 04:32:12.915,9.44825,9.4555,1.60,1.00
2010.07.22 04:32:13.035,9.44825,9.4556,1.60,1.00
2010.07.22 04:32:13.155,9.44825,9.45725,1.60,1.00
2010.07.22 04:32:19.694,9.44815,9.45725,1.60,1.60
2010.07.22 04:32:20.026,9.44815,9.4571,1.60,2.40
2010.07.22 04:32:24.406,9.4485,9.4571,3.20,2.40
2010.07.22 04:32:24.634,9.44955,9.4571,1.60,2.40
2010.07.22 04:32:24.756,9.44955,9.45725,1.60,1.60
2010.07.22 04:35:39.864,9.44975,9.457,1.60,1.00
2010.07.22 04:35:40.149,9.44975,9.45625,1.60,1.60
2010.07.22 04:35:51.309,9.44975,9.4558,1.60,1.00
2010.07.22 04:35:56.018,9.44975,9.456,1.60,1.00
2010.07.22 04:35:59.876,9.44975,9.4558,1.60,1.00
2010.07.22 04:36:11.384,9.44975,9.456,1.60,1.00
2010.07.22 04:36:18.231,9.44975,9.4562,1.60,1.00
2010.07.22 04:36:19.642,9.45185,9.45625,1.60,1.60
2010.07.22 04:42:10.774,9.45225,9.45545,1.60,1.60
2010.07.22 04:42:26.567,9.45225,9.456,1.60,1.00
2010.07.22 04:42:26.938,9.45225,9.45625,1.60,1.60
2010.07.22 04:47:38.204,9.4515,9.45625,1.00,1.60
2010.07.22 04:47:38.657,9.44815,9.45625,1.60,1.60
2010.07.22 04:48:01.282,9.44895,9.45625,1.60,1.60
2010.07.22 04:48:01.417,9.45,9.45625,1.00,1.60
2010.07.22 04:48:01.557,9.4503,9.45625,1.00,1.60
2010.07.22 04:48:10.866,9.45085,9.45625,1.60,1.60
2010.07.22 04:48:11.491,9.45125,9.45625,1.60,1.60
2010.07.22 04:49:55.318,9.45125,9.4558,1.60,1.00
2010.07.22 04:50:20.601,9.45125,9.456,1.60,1.00
2010.07.22 04:50:41.219,9.45125,9.4558,1.60,1.00
2010.07.22 04:50:58.928,9.45125,9.4556,1.60,1.00
2010.07.22 04:51:20.866,9.45125,9.456,1.60,1.00
2010.07.22 04:51:40.610,9.45125,9.4558,1.60,1.00
2010.07.22 04:52:21.886,9.45125,9.456,1.60,1.00
2010.07.22 04:52:40.718,9.45125,9.4558,1.60,1.00
2010.07.22 04:53:20.564,9.45125,9.456,1.60,1.00
2010.07.22 04:53:41.175,9.45125,9.4558,1.60,1.00
2010.07.22 04:54:20.754,9.45125,9.456,1.60,1.00
2010.07.22 04:54:40.584,9.45125,9.4558,1.60,1.00
2010.07.22 04:55:20.774,9.45125,9.456,1.60,1.00
2010.07.22 04:55:25.940,9.45125,9.45625,1.60,1.60
2010.07.22 04:56:29.510,9.45125,9.4568,1.60,1.00
2010.07.22 04:56:30.288,9.45125,9.45725,1.60,1.60
2010.07.22 04:56:30.452,9.45125,9.45645,1.60,1.60
2010.07.22 04:56:40.015,9.45125,9.45745,1.60,1.60
2010.07.22 04:57:00.393,9.4505,9.4562,1.00,1.00
2010.07.22 04:57:00.478,9.4489,9.4562,1.00,1.00
2010.07.22 04:57:52.977,9.4503,9.45745,1.00,1.60
2010.07.22 04:58:01.827,9.45085,9.45725,1.60,1.60
2010.07.22 04:58:02.153,9.45125,9.45725,1.60,1.60
