2014.07.28 20:00:00.400,9.18271,9.18539,1.19,1.19
2014.07.28 20:00:01.219,9.18271,9.18538,1.00,1.19
2014.07.28 20:00:04.537,9.18271,9.18537,1.00,1.19
2014.07.28 20:00:06.000,9.18271,9.18539,1.25,1.19
2014.07.28 20:00:12.732,9.18271,9.18539,1.19,1.19
2014.07.28 20:00:16.149,9.1828,9.18539,1.19,1.00
2014.07.28 20:00:16.404,9.18303,9.18562,1.19,1.54
2014.07.28 20:00:16.454,9.18347,9.18562,1.00,1.35
2014.07.28 20:00:16.556,9.18367,9.18612,1.00,1.19
2014.07.28 20:00:16.709,9.18378,9.18641,1.00,1.94
2014.07.28 20:00:16.761,9.18381,9.18646,1.19,1.75
2014.07.28 20:00:17.065,9.18443,9.18674,1.00,2.44
2014.07.28 20:00:17.677,9.18443,9.18674,1.00,2.44
2014.07.28 20:00:17.888,9.18443,9.18674,1.00,2.44
2014.07.28 20:00:19.057,9.18443,9.18711,1.19,1.94
2014.07.28 20:00:20.462,9.18443,9.18711,1.19,1.94
2014.07.28 20:00:21.869,9.18443,9.1871,1.00,1.94
2014.07.28 20:00:22.482,9.18443,9.1871,1.00,1.94
2014.07.28 20:00:23.808,9.18443,9.18711,1.19,1.94
2014.07.28 20:00:26.053,9.18443,9.18711,1.19,1.94
2014.07.28 20:00:26.573,9.18461,9.18718,1.00,1.94
2014.07.28 20:00:28.194,9.18461,9.18721,1.00,1.54
2014.07.28 20:00:28.624,9.18461,9.18719,1.00,1.94
2014.07.28 20:00:31.679,9.18461,9.18721,1.00,1.54
2014.07.28 20:00:36.156,9.18461,9.18721,1.00,1.54
2014.07.28 20:00:38.764,9.18461,9.18719,1.00,1.94
2014.07.28 20:00:40.814,9.18461,9.18721,1.19,1.54
2014.07.28 20:00:42.074,9.18461,9.18721,1.00,1.54
2014.07.28 20:00:45.685,9.18461,9.18721,1.19,1.54
2014.07.28 20:00:46.688,9.18437,9.18705,1.19,1.57
2014.07.28 20:00:47.256,9.1845,9.18715,1.00,1.94
2014.07.28 20:00:47.594,9.18473,9.18715,1.00,1.94
2014.07.28 20:00:48.041,9.18473,9.18723,1.00,1.54
2014.07.28 20:00:50.903,9.18473,9.18723,1.00,1.54
2014.07.28 20:00:53.078,9.18473,9.18723,1.00,1.17
2014.07.28 20:00:53.713,9.18473,9.18723,1.00,1.17
2014.07.28 20:00:54.616,9.18473,9.18723,1.00,1.17
2014.07.28 20:00:54.787,9.18462,9.18723,1.00,1.17
2014.07.28 20:00:57.173,9.18462,9.18723,1.19,1.17
2014.07.28 20:01:00.134,9.18462,9.18723,1.19,1.17
2014.07.28 20:01:01.341,9.18462,9.1873,1.19,1.79
2014.07.28 20:01:02.546,9.18462,9.1873,1.19,1.79
2014.07.28 20:01:03.957,9.18462,9.1873,1.19,1.79
2014.07.28 20:01:06.199,9.18462,9.1873,1.19,1.79
2014.07.28 20:01:07.209,9.18462,9.1873,1.19,1.79
2014.07.28 20:01:08.666,9.18462,9.1873,1.00,1.79
2014.07.28 20:01:09.870,9.18462,9.1873,1.19,1.79
2014.07.28 20:01:11.074,9.18462,9.1873,1.19,1.79
2014.07.28 20:01:14.383,9.18462,9.1873,1.19,1.79
2014.07.28 20:01:14.862,9.1847,9.18735,1.00,1.79
2014.07.28 20:01:17.590,9.1847,9.18738,1.19,1.79
2014.07.28 20:01:18.825,9.1847,9.18738,1.00,1.00
2014.07.28 20:01:18.876,9.1847,9.18738,1.75,1.00
2014.07.28 20:01:19.028,9.18481,9.18749,1.75,1.00
2014.07.28 20:01:19.079,9.18515,9.18749,2.25,1.00
2014.07.28 20:01:19.129,9.18517,9.1877,1.75,1.00
2014.07.28 20:01:19.180,9.1853,9.18785,1.75,1.00
2014.07.28 20:01:19.231,9.18571,9.18805,1.00,1.00
2014.07.28 20:01:19.284,9.18594,9.18841,1.00,1.00
2014.07.28 20:01:19.335,9.18615,9.1886,1.00,1.00
2014.07.28 20:01:19.386,9.18615,9.18883,1.00,1.00
2014.07.28 20:01:19.436,9.18655,9.18903,1.00,1.00
2014.07.28 20:01:19.487,9.18655,9.18922,1.00,1.00
2014.07.28 20:01:19.689,9.18671,9.18939,1.00,1.75
2014.07.28 20:01:20.406,9.18671,9.18939,1.00,1.13
2014.07.28 20:01:20.834,9.18671,9.18923,1.00,1.19
2014.07.28 20:01:21.728,9.18682,9.18923,1.00,1.19
2014.07.28 20:01:22.642,9.18682,9.18936,1.00,1.19
2014.07.28 20:01:23.359,9.18695,9.18936,1.00,1.19
2014.07.28 20:01:23.460,9.18684,9.18936,1.00,1.19
2014.07.28 20:01:25.114,9.18684,9.1894,1.00,1.19
2014.07.28 20:01:27.422,9.18684,9.18943,1.00,1.19
2014.07.28 20:01:28.927,9.18684,9.18941,1.00,1.19
2014.07.28 20:01:32.037,9.18684,9.18945,1.00,1.19
2014.07.28 20:01:33.344,9.18684,9.18944,1.00,1.19
2014.07.28 20:01:35.453,9.18684,9.18948,1.00,1.19
2014.07.28 20:01:36.691,9.18684,9.1895,1.00,1.19
2014.07.28 20:01:38.004,9.18684,9.18948,1.00,1.19
2014.07.28 20:01:38.960,9.18684,9.18945,1.00,1.19
2014.07.28 20:01:40.966,9.18684,9.18942,1.00,1.19
2014.07.28 20:01:43.496,9.18694,9.18942,1.00,1.19
2014.07.28 20:01:44.212,9.18694,9.1894,1.00,1.19
2014.07.28 20:01:47.284,9.18694,9.18936,1.00,1.19
2014.07.28 20:01:49.791,9.18694,9.18942,1.00,1.19
2014.07.28 20:01:51.133,9.18694,9.18953,1.00,1.19
2014.07.28 20:01:51.613,9.18705,9.18953,1.00,1.19
2014.07.28 20:01:52.333,9.18705,9.18955,1.00,1.19
2014.07.28 20:01:56.412,9.18705,9.18955,1.00,1.19
2014.07.28 20:01:57.615,9.18705,9.18951,1.00,1.19
2014.07.28 20:01:58.618,9.18705,9.18953,1.00,1.19
2014.07.28 20:01:59.821,9.18705,9.18955,1.00,1.19
2014.07.28 20:02:01.142,9.18705,9.18961,1.00,1.19
2014.07.28 20:02:05.737,9.18705,9.18954,1.00,1.19
2014.07.28 20:02:09.784,9.18705,9.18964,1.00,1.19
2014.07.28 20:02:11.918,9.18703,9.18964,1.00,1.19
2014.07.28 20:02:13.929,9.18703,9.18964,1.00,1.19
2014.07.28 20:02:15.133,9.18703,9.18959,1.00,1.19
2014.07.28 20:02:17.269,9.18703,9.18958,1.00,1.19
2014.07.28 20:02:18.389,9.18703,9.18959,1.00,1.19
2014.07.28 20:02:20.338,9.18714,9.18959,1.00,1.19
2014.07.28 20:02:21.859,9.18714,9.18967,1.00,1.19
2014.07.28 20:02:24.167,9.18714,9.18968,1.00,1.19
2014.07.28 20:02:25.970,9.18714,9.18961,1.00,1.19
2014.07.28 20:02:27.677,9.18714,9.1896,1.00,1.19
2014.07.28 20:02:29.883,9.18714,9.18959,1.00,1.19
2014.07.28 20:02:34.494,9.18714,9.18962,1.00,1.19
2014.07.28 20:02:35.698,9.18714,9.18959,1.00,1.19
2014.07.28 20:02:36.943,9.18714,9.18958,1.00,1.19
2014.07.28 20:02:38.005,9.18714,9.1896,1.00,1.19
2014.07.28 20:02:39.109,9.18714,9.18961,1.00,1.19
2014.07.28 20:02:40.440,9.18713,9.18961,1.00,1.19
2014.07.28 20:02:41.348,9.18713,9.1896,1.00,1.19
2014.07.28 20:02:42.620,9.18713,9.18961,1.00,1.19
2014.07.28 20:02:43.724,9.18713,9.1896,1.00,1.19
2014.07.28 20:02:44.637,9.18724,9.1896,1.00,1.19
2014.07.28 20:02:45.429,9.18724,9.18969,1.00,1.19
2014.07.28 20:02:47.081,9.18724,9.18974,1.00,1.19
2014.07.28 20:02:49.442,9.18724,9.18972,1.00,1.19
2014.07.28 20:02:50.945,9.18724,9.18974,1.00,1.19
2014.07.28 20:02:54.697,9.18724,9.1897,1.00,1.19
2014.07.28 20:02:56.060,9.18724,9.18971,1.00,1.19
2014.07.28 20:02:58.891,9.18724,9.18981,1.00,1.19
2014.07.28 20:03:00.596,9.18724,9.18978,1.00,1.19
2014.07.28 20:03:01.593,9.18724,9.18975,1.00,1.19
2014.07.28 20:03:04.491,9.18724,9.18973,1.00,1.19
2014.07.28 20:03:04.779,9.18714,9.18973,1.00,1.19
2014.07.28 20:03:06.792,9.18714,9.18965,1.00,1.19
2014.07.28 20:03:08.095,9.18714,9.18959,1.00,1.19
2014.07.28 20:03:11.003,9.18714,9.18954,1.00,1.19
2014.07.28 20:03:14.214,9.18714,9.18961,1.00,1.19
2014.07.28 20:03:19.043,9.18714,9.18962,1.00,1.19
2014.07.28 20:03:20.155,9.18714,9.18958,1.00,1.19
2014.07.28 20:03:21.828,9.18714,9.18977,1.00,1.19
2014.07.28 20:03:23.360,9.18714,9.1897,1.00,1.19
2014.07.28 20:03:24.919,9.18715,9.1897,1.00,1.19
2014.07.28 20:03:26.944,9.18715,9.18973,1.00,1.19
2014.07.28 20:03:30.190,9.18715,9.18961,1.00,1.19
2014.07.28 20:03:32.604,9.18715,9.18955,1.00,1.19
2014.07.28 20:03:37.572,9.18715,9.1895,1.00,1.19
2014.07.28 20:03:41.519,9.18715,9.18947,1.00,1.19
2014.07.28 20:03:42.747,9.18726,9.18947,1.00,1.19
2014.07.28 20:03:43.592,9.18726,9.18962,1.00,1.19
2014.07.28 20:03:44.802,9.18726,9.18964,1.00,1.19
2014.07.28 20:03:48.410,9.18726,9.18966,1.00,1.19
2014.07.28 20:03:49.912,9.18726,9.1897,1.00,1.19
2014.07.28 20:03:52.118,9.18726,9.18961,1.00,1.19
2014.07.28 20:03:55.225,9.18726,9.18967,1.00,1.19
2014.07.28 20:03:57.031,9.18726,9.18968,1.00,1.19
2014.07.28 20:03:58.133,9.18726,9.18965,1.00,1.19
2014.07.28 20:04:00.439,9.18726,9.18966,1.00,1.19
2014.07.28 20:04:01.442,9.18726,9.18965,1.00,1.19
2014.07.28 20:04:03.697,9.18712,9.18965,1.00,1.19
2014.07.28 20:04:04.573,9.18712,9.18957,1.00,1.19
2014.07.28 20:04:04.675,9.18697,9.18957,1.38,1.19
2014.07.28 20:04:06.067,9.18697,9.18956,1.38,1.19
2014.07.28 20:04:07.570,9.18697,9.18959,1.38,1.19
2014.07.28 20:04:09.576,9.18697,9.1896,1.38,1.19
2014.07.28 20:04:10.781,9.18697,9.18949,1.38,1.19
2014.07.28 20:04:14.105,9.18697,9.18943,1.38,1.19
2014.07.28 20:04:17.495,9.18697,9.18938,1.38,1.19
2014.07.28 20:04:18.498,9.18697,9.18946,1.38,1.19
2014.07.28 20:04:20.403,9.18697,9.18949,1.38,1.19
2014.07.28 20:04:24.313,9.18697,9.18953,1.38,1.19
2014.07.28 20:04:25.362,9.18698,9.1895,1.38,1.19
2014.07.28 20:04:28.123,9.18698,9.18941,1.38,1.19
2014.07.28 20:04:29.125,9.18698,9.18949,1.38,1.19
2014.07.28 20:04:30.730,9.18698,9.1895,1.38,1.19
2014.07.28 20:04:36.444,9.18698,9.18949,1.38,1.19
2014.07.28 20:04:37.991,9.18698,9.18955,1.38,1.19
2014.07.28 20:04:38.948,9.18698,9.18954,1.38,1.19
2014.07.28 20:04:42.258,9.18698,9.18947,1.38,1.19
2014.07.28 20:04:46.267,9.18698,9.18953,1.38,1.19
2014.07.28 20:04:47.409,9.18698,9.18954,1.38,1.19
2014.07.28 20:04:48.474,9.18698,9.18952,1.38,1.19
2014.07.28 20:04:49.778,9.18698,9.18954,1.38,1.19
2014.07.28 20:04:59.004,9.18698,9.18959,1.38,1.19
2014.07.28 20:05:00.107,9.18698,9.18965,1.38,1.19
2014.07.28 20:05:01.214,9.18698,9.18966,1.63,1.19
2014.07.28 20:05:02.816,9.18698,9.18957,1.38,1.19
2014.07.28 20:05:04.720,9.18698,9.18952,1.38,1.19
2014.07.28 20:05:07.202,9.18698,9.18954,1.38,1.19
2014.07.28 20:05:11.237,9.18698,9.18949,1.38,1.19
2014.07.28 20:05:12.260,9.18698,9.18954,1.38,1.19
2014.07.28 20:05:14.147,9.18698,9.18952,1.38,1.19
2014.07.28 20:05:16.989,9.18698,9.18955,1.38,1.19
2014.07.28 20:05:18.461,9.18698,9.18959,1.38,1.19
2014.07.28 20:05:20.059,9.18698,9.18955,1.38,1.19
2014.07.28 20:05:24.069,9.18698,9.18947,1.38,1.19
2014.07.28 20:05:26.292,9.18676,9.18953,1.54,1.19
2014.07.28 20:05:30.034,9.18697,9.18954,1.38,1.19
2014.07.28 20:05:34.095,9.18697,9.18946,1.38,1.19
2014.07.28 20:05:37.112,9.18697,9.18957,1.38,1.19
2014.07.28 20:05:38.127,9.18697,9.18954,1.38,1.19
2014.07.28 20:05:40.913,9.18697,9.18949,1.38,1.19
2014.07.28 20:05:41.916,9.18697,9.18953,1.38,1.19
2014.07.28 20:05:43.120,9.18697,9.18954,1.38,1.19
2014.07.28 20:05:46.627,9.18697,9.18956,1.38,1.19
2014.07.28 20:05:49.032,9.18702,9.18952,1.00,1.19
2014.07.28 20:05:50.686,9.18702,9.18954,1.00,1.19
2014.07.28 20:05:59.662,9.18702,9.18945,1.00,1.19
2014.07.28 20:06:01.167,9.18702,9.18953,1.00,1.19
2014.07.28 20:06:02.269,9.18702,9.18954,1.00,1.19
2014.07.28 20:06:05.679,9.18702,9.18961,1.00,1.19
2014.07.28 20:06:06.427,9.18712,9.18961,1.00,1.19
2014.07.28 20:06:07.291,9.18712,9.18965,1.00,1.19
2014.07.28 20:06:14.401,9.18712,9.18967,1.00,1.19
2014.07.28 20:06:15.504,9.18712,9.18964,1.00,1.19
2014.07.28 20:06:18.109,9.18712,9.18966,1.00,1.19
2014.07.28 20:06:19.130,9.18712,9.1897,1.00,1.19
2014.07.28 20:06:20.749,9.18712,9.18967,1.00,1.19
2014.07.28 20:06:22.527,9.18712,9.18965,1.00,1.19
2014.07.28 20:06:26.138,9.18712,9.18963,1.00,1.19
2014.07.28 20:06:27.242,9.18712,9.18966,1.00,1.19
2014.07.28 20:06:30.190,9.18712,9.18963,1.00,1.19
2014.07.28 20:06:31.755,9.18712,9.18966,1.00,1.19
2014.07.28 20:06:35.365,9.18712,9.18963,1.00,1.19
2014.07.28 20:06:36.868,9.18712,9.18966,1.00,1.19
2014.07.28 20:06:38.973,9.18712,9.18967,1.00,1.19
2014.07.28 20:06:40.104,9.18712,9.18963,1.00,1.19
2014.07.28 20:06:41.680,9.18712,9.18966,1.00,1.19
2014.07.28 20:06:46.210,9.18712,9.18974,1.00,1.19
2014.07.28 20:06:48.693,9.18712,9.18969,1.00,1.19
2014.07.28 20:06:49.896,9.18712,9.18969,1.00,1.19
2014.07.28 20:06:57.288,9.18712,9.18967,1.00,1.19
2014.07.28 20:06:58.315,9.18712,9.18968,1.00,1.19
2014.07.28 20:06:59.518,9.18712,9.18967,1.00,1.19
2014.07.28 20:07:02.227,9.18712,9.18966,1.00,1.19
2014.07.28 20:07:07.542,9.18712,9.18959,1.00,1.19
2014.07.28 20:07:09.195,9.18712,9.18965,1.00,1.19
2014.07.28 20:07:11.351,9.18712,9.18963,1.00,1.19
2014.07.28 20:07:14.756,9.18712,9.18966,1.00,1.19
2014.07.28 20:07:16.362,9.18712,9.18967,1.00,1.19
2014.07.28 20:07:18.698,9.18712,9.18972,1.00,1.19
2014.07.28 20:07:18.900,9.18724,9.18972,1.00,1.19
2014.07.28 20:07:19.893,9.18724,9.18984,1.00,1.19
2014.07.28 20:07:21.217,9.18724,9.1898,1.00,1.19
2014.07.28 20:07:26.889,9.18724,9.18979,1.00,1.19
2014.07.28 20:07:28.109,9.18724,9.18969,1.00,1.19
2014.07.28 20:07:29.193,9.18724,9.18973,1.00,1.19
2014.07.28 20:07:32.300,9.18724,9.1897,1.00,1.19
2014.07.28 20:07:38.868,9.18725,9.1897,1.00,1.19
2014.07.28 20:07:41.201,9.18725,9.18964,1.00,1.19
2014.07.28 20:07:41.252,9.18725,9.18974,1.00,1.19
2014.07.28 20:07:51.953,9.18725,9.18977,1.00,1.19
2014.07.28 20:07:57.070,9.18725,9.18972,1.00,1.19
2014.07.28 20:08:02.378,9.18725,9.18975,1.00,1.19
2014.07.28 20:08:03.509,9.18725,9.18982,1.00,1.19
2014.07.28 20:08:03.716,9.18711,9.18979,1.19,1.19
2014.07.28 20:08:04.790,9.18711,9.18972,1.00,1.19
2014.07.28 20:08:05.893,9.18711,9.18975,1.00,1.19
2014.07.28 20:08:09.302,9.18711,9.18979,1.19,1.19
2014.07.28 20:08:10.435,9.18711,9.18979,1.19,1.19
2014.07.28 20:08:11.661,9.18711,9.18979,1.25,1.19
2014.07.28 20:08:14.653,9.18711,9.18979,1.00,1.69
2014.07.28 20:08:15.727,9.18711,9.18979,1.25,1.19
2014.07.28 20:08:16.732,9.18711,9.18973,1.00,1.19
2014.07.28 20:08:18.069,9.18711,9.1897,1.00,1.19
2014.07.28 20:08:21.747,9.18711,9.18975,1.00,1.19
2014.07.28 20:08:23.755,9.18707,9.18975,1.00,1.69
2014.07.28 20:08:24.455,9.18707,9.18969,1.00,1.19
2014.07.28 20:08:29.508,9.18707,9.18972,1.00,1.19
2014.07.28 20:08:30.429,9.18707,9.18975,1.25,1.19
2014.07.28 20:08:31.845,9.18707,9.18974,1.00,1.19
2014.07.28 20:08:32.850,9.18707,9.18971,1.00,1.19
2014.07.28 20:08:37.932,9.18707,9.18973,1.00,1.19
2014.07.28 20:08:39.872,9.18696,9.18964,1.19,1.19
2014.07.28 20:08:40.037,9.18696,9.18964,1.19,1.19
2014.07.28 20:08:46.954,9.18696,9.18964,1.19,1.19
2014.07.28 20:08:49.861,9.18696,9.18964,1.19,1.19
2014.07.28 20:08:54.771,9.18696,9.18964,1.19,1.19
2014.07.28 20:08:56.074,9.18696,9.18964,1.19,1.19
2014.07.28 20:09:00.084,9.18696,9.18964,1.19,1.19
2014.07.28 20:09:01.787,9.18699,9.18967,1.19,1.19
2014.07.28 20:09:06.826,9.18699,9.18967,1.19,1.19
2014.07.28 20:09:07.899,9.18699,9.18967,1.19,1.19
2014.07.28 20:09:10.003,9.18699,9.18967,1.19,1.19
2014.07.28 20:09:11.005,9.18699,9.18967,1.19,1.19
2014.07.28 20:09:14.346,9.18699,9.18967,1.19,1.19
2014.07.28 20:09:16.520,9.18699,9.18967,1.19,1.19
2014.07.28 20:09:17.725,9.18699,9.18967,1.19,1.19
2014.07.28 20:09:18.067,9.1871,9.18972,1.00,1.19
2014.07.28 20:09:20.733,9.1871,9.18973,1.00,1.19
2014.07.28 20:09:23.445,9.1871,9.18978,1.25,1.19
2014.07.28 20:09:26.154,9.1871,9.18978,1.19,1.19
2014.07.28 20:09:27.785,9.1871,9.18978,1.19,1.19
2014.07.28 20:09:31.071,9.1871,9.18977,1.00,1.19
2014.07.28 20:09:32.998,9.1871,9.18978,1.19,1.19
2014.07.28 20:09:34.020,9.1871,9.18978,1.19,1.19
2014.07.28 20:09:35.027,9.1871,9.18978,1.19,1.19
2014.07.28 20:09:38.295,9.1871,9.18978,1.25,1.19
2014.07.28 20:09:39.087,9.1872,9.18979,1.00,1.19
2014.07.28 20:09:39.189,9.18708,9.18976,1.19,1.19
2014.07.28 20:09:40.002,9.18708,9.18976,1.19,1.19
2014.07.28 20:09:41.105,9.18708,9.18976,1.19,1.19
2014.07.28 20:09:42.309,9.18708,9.18976,1.19,1.19
2014.07.28 20:09:46.922,9.18708,9.18976,1.25,1.19
2014.07.28 20:09:47.925,9.18708,9.18976,1.00,1.19
2014.07.28 20:09:51.082,9.18708,9.18976,1.00,1.69
2014.07.28 20:09:52.036,9.18708,9.18976,1.19,1.19
2014.07.28 20:09:59.059,9.18717,9.18979,1.00,1.19
2014.07.28 20:09:59.160,9.18704,9.18974,1.19,1.19
2014.07.28 20:09:59.679,9.18704,9.18974,1.19,1.19
2014.07.28 20:10:01.972,9.18704,9.18974,1.19,1.19
2014.07.28 20:10:04.781,9.18687,9.18957,1.94,1.19
2014.07.28 20:10:07.197,9.18687,9.18957,1.94,1.19
2014.07.28 20:10:08.215,9.18687,9.18957,1.94,1.19
2014.07.28 20:10:12.236,9.18687,9.18957,1.94,1.19
2014.07.28 20:10:19.045,9.18687,9.18957,1.94,1.19
2014.07.28 20:10:21.262,9.18687,9.18957,1.94,1.19
2014.07.28 20:10:22.227,9.18699,9.18967,1.57,1.19
2014.07.28 20:10:23.330,9.18699,9.18967,1.57,1.19
2014.07.28 20:10:25.467,9.18699,9.18967,1.57,1.19
2014.07.28 20:10:30.748,9.18699,9.18967,1.57,1.19
2014.07.28 20:10:35.836,9.18699,9.18967,1.57,1.19
2014.07.28 20:10:38.000,9.18699,9.18967,1.57,1.19
2014.07.28 20:10:39.704,9.18699,9.18967,1.57,1.19
2014.07.28 20:10:40.707,9.18699,9.18967,1.57,1.19
2014.07.28 20:10:41.126,9.18679,9.18894,2.00,1.00
2014.07.28 20:10:46.249,9.18637,9.18894,1.94,1.00
2014.07.28 20:10:49.786,9.18638,9.18881,1.94,1.00
2014.07.28 20:10:55.486,9.18631,9.18881,1.94,1.00
2014.07.28 20:11:08.085,9.18631,9.18881,1.94,1.00
2014.07.28 20:11:09.337,9.1863,9.18881,1.94,1.00
2014.07.28 20:11:09.886,9.1863,9.18883,1.94,1.00
2014.07.28 20:11:10.289,9.18626,9.18883,1.94,1.00
2014.07.28 20:11:15.408,9.18638,9.18883,1.19,1.00
2014.07.28 20:11:17.143,9.18631,9.18883,1.19,1.00
2014.07.28 20:11:18.745,9.1863,9.18883,1.19,1.00
2014.07.28 20:11:23.023,9.18641,9.18883,1.19,1.00
2014.07.28 20:11:24.454,9.18628,9.18883,1.19,1.00
2014.07.28 20:11:25.849,9.18619,9.18883,1.19,1.00
2014.07.28 20:11:29.176,9.18617,9.18883,1.19,1.00
2014.07.28 20:11:31.140,9.18622,9.18883,1.19,1.00
2014.07.28 20:11:35.851,9.18625,9.18883,1.19,1.00
2014.07.28 20:11:38.159,9.18622,9.18883,1.19,1.00
2014.07.28 20:11:41.969,9.18619,9.18883,1.19,1.00
2014.07.28 20:11:43.070,9.18624,9.18883,1.19,1.00
2014.07.28 20:11:44.573,9.18625,9.18883,1.19,1.00
2014.07.28 20:11:46.880,9.18623,9.18883,1.19,1.00
2014.07.28 20:11:48.685,9.18624,9.18883,1.19,1.00
2014.07.28 20:11:49.989,9.18621,9.18883,1.19,1.00
2014.07.28 20:11:50.112,9.18651,9.18883,1.19,1.00
2014.07.28 20:11:50.415,9.18651,9.18891,1.19,1.00
2014.07.28 20:11:50.807,9.18656,9.18908,1.19,1.60
2014.07.28 20:11:51.598,9.18656,9.18908,1.19,1.60
2014.07.28 20:11:54.005,9.18656,9.18908,1.19,1.60
2014.07.28 20:11:54.812,9.18655,9.18883,1.19,1.00
2014.07.28 20:11:56.012,9.18653,9.18883,1.19,1.00
2014.07.28 20:11:57.214,9.18655,9.18883,1.19,1.00
2014.07.28 20:11:59.060,9.18656,9.18883,1.19,1.00
2014.07.28 20:12:00.925,9.18658,9.18883,1.19,1.00
2014.07.28 20:12:02.030,9.18659,9.18883,1.19,1.00
2014.07.28 20:12:14.909,9.18659,9.18889,1.19,1.00
2014.07.28 20:12:15.011,9.18653,9.18889,1.19,1.00
2014.07.28 20:12:16.263,9.18652,9.18889,1.19,1.00
2014.07.28 20:12:18.993,9.18653,9.18889,1.19,1.00
2014.07.28 20:12:20.274,9.18652,9.18889,1.19,1.00
2014.07.28 20:12:21.321,9.18653,9.18889,1.19,1.00
2014.07.28 20:12:21.680,9.18653,9.18909,1.19,1.60
2014.07.28 20:12:21.781,9.18653,9.18884,1.19,1.00
2014.07.28 20:12:26.995,9.18648,9.18884,1.19,1.00
2014.07.28 20:12:28.174,9.18631,9.18884,1.35,1.00
2014.07.28 20:12:28.276,9.18687,9.18905,1.94,1.00
2014.07.28 20:12:28.377,9.18688,9.18928,1.94,1.00
2014.07.28 20:12:28.428,9.18688,9.18956,1.94,1.00
2014.07.28 20:12:29.655,9.18695,9.18956,1.69,1.00
2014.07.28 20:12:32.744,9.18703,9.18956,1.19,1.00
2014.07.28 20:12:36.120,9.18702,9.18956,1.19,1.00
2014.07.28 20:12:37.358,9.18698,9.18956,1.57,1.00
2014.07.28 20:12:38.732,9.18694,9.18956,1.94,1.00
2014.07.28 20:12:40.235,9.18699,9.18956,1.57,1.00
2014.07.28 20:12:42.127,9.18698,9.18956,1.57,1.00
2014.07.28 20:12:43.663,9.187,9.18968,1.32,1.19
2014.07.28 20:12:44.895,9.187,9.18968,1.32,1.00
2014.07.28 20:12:48.002,9.187,9.18968,2.07,1.00
2014.07.28 20:12:50.107,9.18705,9.18968,1.19,1.00
2014.07.28 20:12:51.110,9.187,9.18968,1.32,1.25
2014.07.28 20:12:52.743,9.187,9.18968,2.07,1.00
2014.07.28 20:12:54.621,9.18703,9.18968,1.19,1.00
2014.07.28 20:12:55.098,9.18703,9.18968,1.19,1.75
2014.07.28 20:12:55.402,9.187,9.18916,1.00,1.19
2014.07.28 20:12:55.452,9.18689,9.18916,1.00,1.19
2014.07.28 20:12:55.554,9.18669,9.18895,1.00,1.19
2014.07.28 20:12:55.605,9.18627,9.18895,1.19,1.19
2014.07.28 20:12:56.833,9.18627,9.18895,1.19,1.19
2014.07.28 20:12:59.634,9.18627,9.18895,1.19,1.19
2014.07.28 20:13:01.338,9.18627,9.18895,1.19,1.19
2014.07.28 20:13:03.745,9.18627,9.18895,1.19,1.19
2014.07.28 20:13:08.158,9.18627,9.18895,1.19,1.19
2014.07.28 20:13:10.606,9.18627,9.18895,1.19,1.19
2014.07.28 20:13:12.071,9.18627,9.18895,1.19,1.19
2014.07.28 20:13:15.280,9.18627,9.18895,1.19,1.19
2014.07.28 20:13:20.092,9.18625,9.18893,1.19,1.19
2014.07.28 20:13:25.803,9.18625,9.18893,1.19,1.19
2014.07.28 20:13:27.408,9.18625,9.18893,1.19,1.19
2014.07.28 20:13:28.510,9.18625,9.18893,1.19,1.19
2014.07.28 20:13:32.016,9.18625,9.18893,1.19,1.19
2014.07.28 20:13:33.120,9.18625,9.18893,1.19,1.19
2014.07.28 20:13:35.323,9.18625,9.18893,1.19,1.19
2014.07.28 20:13:39.029,9.18625,9.18893,1.19,1.19
2014.07.28 20:13:42.036,9.18625,9.18893,1.19,1.19
2014.07.28 20:13:43.140,9.18625,9.18893,1.19,1.19
2014.07.28 20:13:49.053,9.18625,9.18893,1.19,1.19
2014.07.28 20:13:55.167,9.18625,9.18893,1.19,1.19
2014.07.28 20:13:57.872,9.18629,9.18897,1.19,1.19
2014.07.28 20:13:58.974,9.18629,9.18897,1.19,1.19
2014.07.28 20:13:59.977,9.18629,9.18897,1.19,1.19
2014.07.28 20:14:05.091,9.18629,9.18897,1.19,1.19
2014.07.28 20:14:07.597,9.18629,9.18897,1.19,1.19
2014.07.28 20:14:10.403,9.18629,9.18897,1.19,1.19
2014.07.28 20:14:12.609,9.18629,9.18897,1.19,1.19
2014.07.28 20:14:13.848,9.18629,9.18897,1.69,1.00
2014.07.28 20:14:14.551,9.18653,9.18923,1.19,1.19
2014.07.28 20:14:15.718,9.18653,9.18923,1.19,1.19
2014.07.28 20:14:17.421,9.18653,9.18923,1.19,1.19
2014.07.28 20:14:19.937,9.1864,9.18908,1.19,1.19
2014.07.28 20:14:21.439,9.1864,9.18908,1.19,1.19
2014.07.28 20:14:21.761,9.18664,9.18914,1.00,1.19
2014.07.28 20:14:21.964,9.18649,9.18914,1.00,1.19
2014.07.28 20:14:22.877,9.18649,9.18919,1.19,1.19
2014.07.28 20:14:23.839,9.18649,9.18919,1.19,1.19
2014.07.28 20:14:25.244,9.18662,9.1893,1.19,1.19
2014.07.28 20:14:26.591,9.18662,9.1893,1.19,1.19
2014.07.28 20:14:28.050,9.18662,9.1893,1.19,1.19
2014.07.28 20:14:31.391,9.18662,9.1893,1.19,1.19
2014.07.28 20:14:34.411,9.18662,9.1893,1.19,1.19
2014.07.28 20:14:35.571,9.18662,9.1893,1.19,1.19
2014.07.28 20:14:35.726,9.18649,9.18917,1.69,1.00
2014.07.28 20:14:36.891,9.18649,9.18917,1.19,1.19
2014.07.28 20:14:38.174,9.18649,9.18917,1.19,1.19
2014.07.28 20:14:39.378,9.18649,9.18917,1.19,1.19
2014.07.28 20:14:40.381,9.18649,9.18917,1.19,1.19
2014.07.28 20:14:42.688,9.18649,9.18917,1.19,1.19
2014.07.28 20:14:47.311,9.18649,9.18917,1.19,1.19
2014.07.28 20:14:52.418,9.18657,9.18925,1.19,1.19
2014.07.28 20:14:53.521,9.18657,9.18925,1.19,1.19
2014.07.28 20:14:54.624,9.18657,9.18925,1.19,1.19
2014.07.28 20:14:55.643,9.18657,9.18925,1.19,1.19
2014.07.28 20:14:59.033,9.18657,9.18925,1.19,1.19
2014.07.28 20:15:00.146,9.18657,9.18925,1.19,1.19
2014.07.28 20:15:03.558,9.18657,9.18925,1.19,1.19
2014.07.28 20:15:05.563,9.18657,9.18925,1.19,1.19
2014.07.28 20:15:06.565,9.18657,9.18925,1.19,1.19
2014.07.28 20:15:07.668,9.18657,9.18925,1.19,1.19
2014.07.28 20:15:09.272,9.18657,9.18925,1.19,1.19
2014.07.28 20:15:10.274,9.18657,9.18925,1.19,1.19
2014.07.28 20:15:11.389,9.18646,9.18914,1.19,1.19
2014.07.28 20:15:13.081,9.18663,9.18931,1.19,1.19
2014.07.28 20:15:13.526,9.18673,9.18937,1.00,1.19
2014.07.28 20:15:16.322,9.18673,9.18943,1.19,1.19
2014.07.28 20:15:17.390,9.18673,9.18943,1.19,1.19
2014.07.28 20:15:18.995,9.18663,9.18931,1.19,1.19
2014.07.28 20:15:20.801,9.18663,9.18931,1.19,1.19
2014.07.28 20:15:22.335,9.18663,9.18931,1.19,1.19
2014.07.28 20:15:25.412,9.18663,9.18931,1.19,1.19
2014.07.28 20:15:26.415,9.18663,9.18931,1.19,1.19
2014.07.28 20:15:27.618,9.18663,9.18931,1.19,1.19
2014.07.28 20:15:29.423,9.18663,9.18931,1.19,1.19
2014.07.28 20:15:31.128,9.18663,9.18931,1.19,1.19
2014.07.28 20:15:32.348,9.18663,9.18931,1.19,1.19
2014.07.28 20:15:33.531,9.18663,9.18931,1.19,1.19
2014.07.28 20:15:34.572,9.18663,9.18931,1.19,1.19
2014.07.28 20:15:40.454,9.18663,9.18931,1.19,1.19
2014.07.28 20:15:41.470,9.18663,9.18931,1.19,1.19
2014.07.28 20:15:44.157,9.18663,9.18931,1.19,1.19
2014.07.28 20:15:48.369,9.18663,9.18931,1.19,1.19
2014.07.28 20:15:50.880,9.18663,9.18931,1.19,1.19
2014.07.28 20:15:55.083,9.18663,9.18931,1.19,1.19
2014.07.28 20:15:56.086,9.18663,9.18931,1.19,1.19
2014.07.28 20:15:57.791,9.18663,9.18931,1.19,1.19
2014.07.28 20:16:00.097,9.1866,9.18928,1.19,1.19
2014.07.28 20:16:01.602,9.1866,9.18928,1.19,1.19
2014.07.28 20:16:02.905,9.1866,9.18928,1.19,1.19
2014.07.28 20:16:04.458,9.1866,9.18928,1.19,1.19
2014.07.28 20:16:08.621,9.1866,9.18928,1.19,1.19
2014.07.28 20:16:10.427,9.1866,9.18928,1.69,1.00
2014.07.28 20:16:11.429,9.1866,9.18928,1.19,1.19
2014.07.28 20:16:16.942,9.1866,9.18928,1.19,1.19
2014.07.28 20:16:18.348,9.18663,9.18931,1.19,1.19
2014.07.28 20:16:20.352,9.18663,9.18931,1.19,1.19
2014.07.28 20:16:21.970,9.18663,9.18931,1.19,1.19
2014.07.28 20:16:25.866,9.18663,9.18931,1.19,1.19
2014.07.28 20:16:28.473,9.18663,9.18931,1.19,1.19
2014.07.28 20:16:32.016,9.18663,9.18931,1.19,1.19
2014.07.28 20:16:32.380,9.18648,9.18915,1.19,1.00
2014.07.28 20:16:33.088,9.18647,9.18915,1.19,1.19
2014.07.28 20:16:34.992,9.18647,9.18915,1.19,1.19
2014.07.28 20:16:36.296,9.18665,9.18935,1.19,1.19
2014.07.28 20:16:37.600,9.18665,9.18935,1.19,1.19
2014.07.28 20:16:40.809,9.18665,9.18935,1.19,1.19
2014.07.28 20:16:42.113,9.18665,9.18935,1.19,1.19
2014.07.28 20:16:44.141,9.18665,9.18935,1.19,1.19
2014.07.28 20:16:45.321,9.18665,9.18935,1.19,1.19
2014.07.28 20:16:47.168,9.18665,9.18935,1.19,1.19
2014.07.28 20:16:48.577,9.18665,9.18935,1.19,1.19
2014.07.28 20:16:49.831,9.18665,9.18935,1.19,1.19
2014.07.28 20:16:51.377,9.18665,9.18935,1.19,1.19
2014.07.28 20:16:52.374,9.18665,9.18935,1.19,1.19
2014.07.28 20:16:53.856,9.18665,9.18935,1.19,1.19
2014.07.28 20:16:55.245,9.18665,9.18935,1.19,1.19
2014.07.28 20:16:59.104,9.18665,9.18935,1.19,1.19
2014.07.28 20:17:00.397,9.18665,9.18935,1.19,1.19
2014.07.28 20:17:04.472,9.18665,9.18935,1.19,1.19
2014.07.28 20:17:07.826,9.18665,9.18935,1.19,1.19
2014.07.28 20:17:10.385,9.18665,9.18935,1.19,1.19
2014.07.28 20:17:21.356,9.18662,9.1893,1.19,1.19
2014.07.28 20:17:22.075,9.18688,9.1893,1.19,1.00
2014.07.28 20:17:22.227,9.18722,9.18984,1.00,1.94
2014.07.28 20:17:22.379,9.18719,9.18979,1.00,1.19
2014.07.28 20:17:22.480,9.18691,9.18959,1.19,1.19
2014.07.28 20:17:23.149,9.18691,9.18959,1.19,1.19
2014.07.28 20:17:24.352,9.18678,9.18946,1.19,1.19
2014.07.28 20:17:27.360,9.18678,9.18946,1.19,1.19
2014.07.28 20:17:28.507,9.18678,9.18946,1.19,1.19
2014.07.28 20:17:31.671,9.18678,9.18946,1.19,1.19
2014.07.28 20:17:34.877,9.18678,9.18946,1.19,1.19
2014.07.28 20:17:36.249,9.18689,9.18957,1.00,1.69
2014.07.28 20:17:41.694,9.18689,9.18957,1.25,1.19
2014.07.28 20:17:44.401,9.18689,9.18957,1.19,1.19
2014.07.28 20:17:49.953,9.18689,9.18954,1.00,1.19
2014.07.28 20:17:52.319,9.18689,9.18956,1.00,1.19
2014.07.28 20:17:54.370,9.18689,9.18957,1.19,1.19
2014.07.28 20:17:56.028,9.18689,9.18957,1.25,1.19
2014.07.28 20:17:57.036,9.18687,9.18955,1.19,1.19
2014.07.28 20:17:58.937,9.18687,9.18955,1.19,1.19
2014.07.28 20:18:01.143,9.18687,9.18955,1.25,1.19
2014.07.28 20:18:02.384,9.18687,9.18955,1.19,1.19
2014.07.28 20:18:08.283,9.18687,9.18955,1.19,1.19
2014.07.28 20:18:14.380,9.18687,9.18955,1.25,1.19
2014.07.28 20:18:17.329,9.18687,9.18955,1.00,1.69
2014.07.28 20:18:18.691,9.18687,9.18955,1.19,1.19
2014.07.28 20:18:20.110,9.18687,9.18955,1.19,1.19
2014.07.28 20:18:21.107,9.18687,9.18955,1.19,1.19
2014.07.28 20:18:23.101,9.18673,9.18941,1.19,1.19
2014.07.28 20:18:27.710,9.18673,9.18941,1.19,1.19
2014.07.28 20:18:31.118,9.18673,9.18941,1.19,1.19
2014.07.28 20:18:54.165,9.18674,9.18942,1.19,1.19
2014.07.28 20:18:58.976,9.18674,9.18942,1.19,1.19
2014.07.28 20:19:00.380,9.18674,9.18942,1.19,1.19
2014.07.28 20:19:13.110,9.18675,9.18943,1.19,1.19
2014.07.28 20:19:17.979,9.18675,9.18943,1.19,1.19
2014.07.28 20:19:21.528,9.18675,9.18943,1.19,1.19
2014.07.28 20:19:22.731,9.18672,9.1894,1.19,1.19
2014.07.28 20:19:25.035,9.18672,9.1894,1.19,1.19
2014.07.28 20:19:28.544,9.18672,9.1894,1.19,1.19
2014.07.28 20:19:30.549,9.18672,9.1894,1.19,1.19
2014.07.28 20:19:32.863,9.18672,9.1894,1.19,1.19
2014.07.28 20:19:36.104,9.18672,9.1894,1.19,1.19
2014.07.28 20:19:37.982,9.18672,9.1894,1.19,1.19
2014.07.28 20:19:42.595,9.18672,9.1894,1.19,1.19
2014.07.28 20:19:45.184,9.18672,9.1894,1.19,1.19
2014.07.28 20:19:48.592,9.18672,9.1894,1.19,1.19
2014.07.28 20:19:51.308,9.18672,9.1894,1.19,1.19
2014.07.28 20:19:53.076,9.18672,9.1894,1.19,1.19
2014.07.28 20:19:54.584,9.18672,9.1894,1.19,1.19
2014.07.28 20:19:57.626,9.18672,9.1894,1.19,1.19
2014.07.28 20:19:58.937,9.18672,9.1894,1.19,1.19
2014.07.28 20:20:00.592,9.18672,9.1894,1.19,1.19
2014.07.28 20:20:03.705,9.18676,9.18946,1.19,1.19
2014.07.28 20:20:08.623,9.18676,9.18946,1.19,1.19
2014.07.28 20:20:10.465,9.18676,9.18946,1.19,1.19
2014.07.28 20:20:16.751,9.18676,9.18946,1.19,1.19
2014.07.28 20:20:20.577,9.18676,9.18946,1.19,1.19
2014.07.28 20:20:23.075,9.18676,9.18946,1.19,1.19
2014.07.28 20:20:25.379,9.18672,9.1894,1.19,1.19
2014.07.28 20:20:28.087,9.18672,9.1894,1.19,1.19
2014.07.28 20:20:29.202,9.18672,9.1894,1.19,1.19
2014.07.28 20:20:32.117,9.18672,9.1894,1.19,1.19
2014.07.28 20:20:34.651,9.18672,9.1894,1.19,1.19
2014.07.28 20:20:35.910,9.18672,9.1894,1.19,1.19
2014.07.28 20:20:37.617,9.18672,9.1894,1.19,1.19
2014.07.28 20:20:39.039,9.18672,9.1894,1.19,1.19
2014.07.28 20:20:40.638,9.18672,9.1894,1.19,1.19
2014.07.28 20:20:42.929,9.18672,9.1894,1.19,1.19
2014.07.28 20:20:44.535,9.18674,9.18942,1.19,1.19
2014.07.28 20:20:45.749,9.18674,9.18942,1.19,1.19
2014.07.28 20:20:48.489,9.18674,9.18942,1.19,1.19
2014.07.28 20:20:50.474,9.18674,9.18942,1.19,1.19
2014.07.28 20:20:55.089,9.18674,9.18942,1.19,1.19
2014.07.28 20:20:59.473,9.18674,9.18942,1.19,1.19
2014.07.28 20:21:02.587,9.18674,9.18942,1.19,1.19
2014.07.28 20:21:03.687,9.18674,9.18942,1.19,1.19
2014.07.28 20:21:08.636,9.18674,9.18942,1.19,1.19
2014.07.28 20:21:16.154,9.18674,9.18942,1.19,1.19
2014.07.28 20:21:17.685,9.18674,9.18942,1.19,1.19
2014.07.28 20:21:18.727,9.18674,9.18942,1.19,1.19
2014.07.28 20:21:20.529,9.18674,9.18942,1.19,1.19
2014.07.28 20:21:26.243,9.18678,9.18946,1.19,1.19
2014.07.28 20:21:29.574,9.18678,9.18946,1.19,1.19
2014.07.28 20:21:34.868,9.18678,9.18946,1.19,1.19
2014.07.28 20:21:35.870,9.18678,9.18946,1.19,1.19
2014.07.28 20:21:37.576,9.18678,9.18946,1.19,1.19
2014.07.28 20:21:38.980,9.18678,9.18946,1.19,1.19
2014.07.28 20:21:40.596,9.18678,9.18946,1.19,1.19
2014.07.28 20:21:43.208,9.18678,9.18946,1.19,1.19
2014.07.28 20:21:45.134,9.18678,9.18946,1.19,1.19
2014.07.28 20:21:48.126,9.18674,9.18942,1.19,1.19
2014.07.28 20:21:49.307,9.18674,9.18942,1.19,1.19
2014.07.28 20:21:51.146,9.18674,9.18942,1.19,1.19
2014.07.28 20:21:52.635,9.18674,9.18942,1.19,1.19
2014.07.28 20:21:54.126,9.18674,9.18942,1.19,1.19
2014.07.28 20:21:55.458,9.18674,9.18942,1.19,1.19
2014.07.28 20:21:57.063,9.18674,9.18942,1.19,1.19
2014.07.28 20:21:59.837,9.18674,9.18942,1.19,1.19
2014.07.28 20:22:01.976,9.18674,9.18942,1.19,1.19
2014.07.28 20:22:03.085,9.18674,9.18942,1.19,1.19
2014.07.28 20:22:04.548,9.18674,9.18942,1.19,1.19
2014.07.28 20:22:07.595,9.18674,9.18942,1.19,1.19
2014.07.28 20:22:09.059,9.18674,9.18942,1.19,1.19
2014.07.28 20:22:10.362,9.18674,9.18942,1.19,1.19
2014.07.28 20:22:11.386,9.18674,9.18942,1.19,1.19
2014.07.28 20:22:12.584,9.18674,9.18942,1.19,1.19
2014.07.28 20:22:13.915,9.18674,9.18942,1.19,1.19
2014.07.28 20:22:14.874,9.18674,9.18942,1.19,1.19
2014.07.28 20:22:16.126,9.18674,9.18942,1.19,1.19
2014.07.28 20:22:18.595,9.18674,9.18942,1.19,1.19
2014.07.28 20:22:20.135,9.18674,9.18942,1.19,1.19
2014.07.28 20:22:21.625,9.18674,9.18942,1.19,1.19
2014.07.28 20:22:23.105,9.18674,9.18942,1.19,1.19
2014.07.28 20:22:26.433,9.18674,9.18942,1.19,1.19
2014.07.28 20:22:28.205,9.18674,9.18942,1.19,1.19
2014.07.28 20:22:33.117,9.18674,9.18942,1.19,1.19
2014.07.28 20:22:39.076,9.18674,9.18942,1.19,1.25
2014.07.28 20:22:40.070,9.18674,9.18942,1.19,1.19
2014.07.28 20:22:42.544,9.18674,9.18942,1.19,1.19
2014.07.28 20:22:44.247,9.18674,9.18942,1.19,1.19
2014.07.28 20:22:48.089,9.18671,9.18967,1.19,1.19
2014.07.28 20:22:55.368,9.18673,9.18969,1.19,1.19
2014.07.28 20:22:57.071,9.18669,9.18965,1.19,1.19
2014.07.28 20:22:58.275,9.18665,9.18961,1.19,1.19
2014.07.28 20:23:00.116,9.18666,9.18962,1.19,1.19
2014.07.28 20:23:05.297,9.18671,9.18967,1.19,1.19
2014.07.28 20:23:07.930,9.18673,9.18941,1.19,1.19
2014.07.28 20:23:08.144,9.18673,9.18941,1.00,1.38
2014.07.28 20:23:08.195,9.18673,9.18874,1.00,1.50
2014.07.28 20:23:08.297,9.18653,9.18874,1.00,1.50
2014.07.28 20:23:08.398,9.18644,9.18874,1.00,1.50
2014.07.28 20:23:08.499,9.18662,9.1893,1.00,1.00
2014.07.28 20:23:08.600,9.18675,9.18943,1.00,1.00
2014.07.28 20:23:11.446,9.18675,9.18943,1.19,1.19
2014.07.28 20:23:14.723,9.18675,9.18943,1.19,1.19
2014.07.28 20:23:17.468,9.18675,9.18943,1.19,1.19
2014.07.28 20:23:18.432,9.18675,9.18943,1.19,1.19
2014.07.28 20:23:20.036,9.18675,9.18943,1.19,1.19
2014.07.28 20:23:22.972,9.18675,9.18943,1.19,1.19
2014.07.28 20:23:26.554,9.18675,9.18943,1.19,1.19
2014.07.28 20:23:27.558,9.18664,9.18932,1.69,1.00
2014.07.28 20:23:30.366,9.18666,9.18932,1.19,1.00
2014.07.28 20:23:30.566,9.18664,9.18932,1.00,1.00
2014.07.28 20:23:30.718,9.18664,9.18874,1.00,1.50
2014.07.28 20:23:30.870,9.18647,9.18874,1.00,1.50
2014.07.28 20:23:30.971,9.18647,9.18915,1.00,1.00
2014.07.28 20:23:31.072,9.18663,9.18931,1.00,1.00
2014.07.28 20:23:31.420,9.18674,9.18942,1.00,1.00
2014.07.28 20:23:31.870,9.18674,9.18942,1.19,1.19
2014.07.28 20:23:35.726,9.18674,9.18942,1.19,1.19
2014.07.28 20:23:38.989,9.18674,9.18942,1.19,1.19
2014.07.28 20:23:40.092,9.18674,9.18942,1.19,1.19
2014.07.28 20:23:41.196,9.18674,9.18942,1.19,1.19
2014.07.28 20:23:43.623,9.18674,9.18942,1.19,1.19
2014.07.28 20:23:44.833,9.18674,9.18942,1.19,1.19
2014.07.28 20:23:45.910,9.18674,9.18942,1.19,1.19
2014.07.28 20:23:46.912,9.18674,9.18942,1.19,1.19
2014.07.28 20:23:48.016,9.18674,9.18942,1.19,1.19
2014.07.28 20:23:49.223,9.18674,9.18942,1.19,1.19
2014.07.28 20:23:54.332,9.18669,9.18939,1.00,1.00
2014.07.28 20:23:54.383,9.18669,9.18875,1.00,1.50
2014.07.28 20:23:54.535,9.1865,9.18875,1.00,1.50
2014.07.28 20:23:54.586,9.18648,9.18875,1.00,1.50
2014.07.28 20:23:54.687,9.18648,9.18916,1.00,1.00
2014.07.28 20:23:54.737,9.18662,9.1893,1.00,1.00
2014.07.28 20:23:55.052,9.18674,9.18942,1.00,1.00
2014.07.28 20:23:55.181,9.18662,9.18932,1.00,1.00
2014.07.28 20:23:55.533,9.18662,9.18932,1.19,1.19
2014.07.28 20:23:56.937,9.18662,9.18932,1.69,1.19
2014.07.28 20:23:57.940,9.18663,9.18932,1.19,1.25
2014.07.28 20:23:59.044,9.18662,9.18932,1.19,1.19
2014.07.28 20:24:00.565,9.18661,9.18929,1.69,1.00
2014.07.28 20:24:01.592,9.18664,9.18929,1.19,1.00
2014.07.28 20:24:02.657,9.18663,9.18929,1.19,1.00
2014.07.28 20:24:03.861,9.18661,9.18929,1.69,1.00
2014.07.28 20:24:08.878,9.18661,9.18929,1.19,1.25
2014.07.28 20:24:09.936,9.18673,9.18941,1.19,1.19
2014.07.28 20:24:11.624,9.18673,9.18874,1.00,1.50
2014.07.28 20:24:11.776,9.18644,9.18874,1.00,1.50
2014.07.28 20:24:12.185,9.18644,9.18912,1.00,1.00
2014.07.28 20:24:12.287,9.18644,9.18912,1.69,1.00
2014.07.28 20:24:12.832,9.18671,9.18939,1.25,1.57
2014.07.28 20:24:13.905,9.18671,9.18939,1.19,1.57
2014.07.28 20:24:14.917,9.18671,9.18939,1.19,1.57
2014.07.28 20:24:15.931,9.18671,9.18939,1.19,1.57
2014.07.28 20:24:17.898,9.18671,9.18939,1.19,1.57
2014.07.28 20:24:19.002,9.18671,9.18939,1.19,1.57
2014.07.28 20:24:20.304,9.18671,9.18939,1.19,1.57
2014.07.28 20:24:21.623,9.18671,9.18939,1.19,1.57
2014.07.28 20:24:22.608,9.18671,9.18939,1.25,1.57
2014.07.28 20:24:25.412,9.18671,9.18939,1.19,1.57
2014.07.28 20:24:26.650,9.18671,9.18939,1.19,1.57
2014.07.28 20:24:30.425,9.18671,9.18939,1.19,1.19
2014.07.28 20:24:32.027,9.18671,9.18939,1.19,1.19
2014.07.28 20:24:33.179,9.18675,9.18943,1.19,1.19
2014.07.28 20:24:34.131,9.18675,9.18943,1.19,1.19
2014.07.28 20:24:35.373,9.18675,9.18943,1.19,1.19
2014.07.28 20:24:36.373,9.18675,9.18943,1.19,1.19
2014.07.28 20:24:37.340,9.18675,9.18943,1.19,1.19
2014.07.28 20:24:38.343,9.18675,9.18943,1.19,1.19
2014.07.28 20:24:39.545,9.18675,9.18943,1.19,1.19
2014.07.28 20:24:41.897,9.18675,9.18943,1.19,1.19
2014.07.28 20:24:42.852,9.18675,9.18943,1.19,1.19
2014.07.28 20:24:45.057,9.18675,9.18943,1.19,1.19
2014.07.28 20:24:48.666,9.18675,9.18943,1.19,1.19
2014.07.28 20:24:50.077,9.18675,9.18943,1.19,1.19
2014.07.28 20:24:52.276,9.18675,9.18943,1.19,1.19
2014.07.28 20:24:54.318,9.18673,9.18941,1.00,1.00
2014.07.28 20:24:54.369,9.18673,9.18941,1.00,1.38
2014.07.28 20:24:54.673,9.18651,9.18875,1.00,1.50
2014.07.28 20:24:54.774,9.18651,9.18919,1.00,1.00
2014.07.28 20:24:55.027,9.18663,9.18931,1.00,1.00
2014.07.28 20:24:55.722,9.18663,9.18931,1.19,1.19
2014.07.28 20:24:57.189,9.18663,9.18931,1.19,1.19
2014.07.28 20:25:00.096,9.18663,9.18931,1.19,1.19
2014.07.28 20:25:01.604,9.18663,9.18931,1.19,1.19
2014.07.28 20:25:05.332,9.18663,9.18931,1.19,1.19
2014.07.28 20:25:10.425,9.18664,9.18931,1.19,1.00
2014.07.28 20:25:10.526,9.18663,9.18931,1.00,1.00
2014.07.28 20:25:10.577,9.18663,9.18931,1.00,1.75
2014.07.28 20:25:10.880,9.18634,9.18865,1.00,1.50
2014.07.28 20:25:10.930,9.18634,9.18902,1.00,1.00
2014.07.28 20:25:10.981,9.18649,9.18917,1.00,1.00
2014.07.28 20:25:11.283,9.18662,9.1893,1.00,1.00
2014.07.28 20:25:12.440,9.18662,9.1893,1.19,1.19
2014.07.28 20:25:12.816,9.18673,9.18939,1.00,1.19
2014.07.28 20:25:13.954,9.18673,9.18941,1.19,1.19
2014.07.28 20:25:14.968,9.18673,9.18941,1.19,1.19
2014.07.28 20:25:18.647,9.18673,9.18941,1.19,1.19
2014.07.28 20:25:19.850,9.18673,9.18941,1.19,1.19
2014.07.28 20:25:20.853,9.18673,9.18941,1.19,1.19
2014.07.28 20:25:21.083,9.18673,9.18941,1.00,1.00
2014.07.28 20:25:21.134,9.18673,9.18941,1.00,1.75
2014.07.28 20:25:21.438,9.18643,9.18874,1.00,1.50
2014.07.28 20:25:22.168,9.18643,9.18911,1.00,1.00
2014.07.28 20:25:22.371,9.1866,9.18928,1.00,1.13
2014.07.28 20:25:22.674,9.18672,9.1894,1.00,1.75
2014.07.28 20:25:23.263,9.18672,9.18934,1.00,1.94
2014.07.28 20:25:24.865,9.18672,9.1894,1.19,1.19
2014.07.28 20:25:25.048,9.18672,9.1894,1.19,1.94
2014.07.28 20:25:25.098,9.18672,9.1894,1.00,1.75
2014.07.28 20:25:25.149,9.18672,9.18864,1.00,1.50
2014.07.28 20:25:25.250,9.18652,9.18864,1.00,1.50
2014.07.28 20:25:25.351,9.18629,9.18864,1.00,1.50
2014.07.28 20:25:25.655,9.18629,9.18897,1.00,1.00
2014.07.28 20:25:25.806,9.18659,9.18917,1.00,1.00
2014.07.28 20:25:26.344,9.18659,9.18927,1.00,1.75
2014.07.28 20:25:26.661,9.18671,9.18939,1.00,1.19
2014.07.28 20:25:27.672,9.18671,9.18939,1.19,1.57
2014.07.28 20:25:28.875,9.18671,9.18939,1.19,1.19
2014.07.28 20:25:29.898,9.18671,9.18939,1.19,1.19
2014.07.28 20:25:36.794,9.18671,9.18939,1.19,1.19
2014.07.28 20:25:38.197,9.18671,9.18939,1.19,1.19
2014.07.28 20:25:40.002,9.18671,9.18939,1.19,1.19
2014.07.28 20:25:43.512,9.18671,9.18939,1.19,1.19
2014.07.28 20:25:44.615,9.18671,9.18939,1.19,1.19
2014.07.28 20:25:45.920,9.18671,9.18939,1.19,1.19
2014.07.28 20:25:47.342,9.1867,9.18938,1.19,1.19
2014.07.28 20:25:50.031,9.1867,9.18938,1.19,1.19
2014.07.28 20:25:51.057,9.1867,9.18938,1.19,1.19
2014.07.28 20:25:53.843,9.1867,9.18938,1.19,1.19
2014.07.28 20:25:54.868,9.1867,9.18938,1.19,1.19
2014.07.28 20:26:02.916,9.1867,9.18938,1.19,1.19
2014.07.28 20:26:05.381,9.18686,9.18954,1.19,1.19
2014.07.28 20:26:05.691,9.18686,9.18954,1.00,1.75
2014.07.28 20:26:05.995,9.18657,9.18874,1.00,1.50
2014.07.28 20:26:06.147,9.18657,9.18925,1.00,1.00
2014.07.28 20:26:06.197,9.18673,9.18941,1.00,1.75
2014.07.28 20:26:07.288,9.18673,9.18941,1.25,1.94
2014.07.28 20:26:07.832,9.18673,9.18941,1.00,1.75
2014.07.28 20:26:07.933,9.18673,9.18874,1.00,1.50
2014.07.28 20:26:08.035,9.18657,9.18874,1.00,1.50
2014.07.28 20:26:08.237,9.18675,9.18874,1.00,1.50
2014.07.28 20:26:08.338,9.18675,9.18943,1.00,1.75
2014.07.28 20:26:08.439,9.18675,9.18943,1.00,2.44
2014.07.28 20:26:08.776,9.18677,9.18943,1.00,1.94
2014.07.28 20:26:10.291,9.18689,9.18943,1.00,1.19
2014.07.28 20:26:11.200,9.18689,9.18956,1.00,1.19
2014.07.28 20:26:13.428,9.18674,9.18942,1.19,1.19
2014.07.28 20:26:14.345,9.18674,9.18942,1.19,1.19
2014.07.28 20:26:15.411,9.18674,9.18942,1.19,1.19
2014.07.28 20:26:16.616,9.18674,9.18942,1.19,1.19
2014.07.28 20:26:17.820,9.18674,9.18942,1.19,1.19
2014.07.28 20:26:18.957,9.18674,9.18942,1.19,1.19
2014.07.28 20:26:21.365,9.18674,9.18942,1.19,1.19
2014.07.28 20:26:22.667,9.18674,9.18942,1.19,1.19
2014.07.28 20:26:24.273,9.18685,9.18953,1.19,1.19
2014.07.28 20:26:25.677,9.18685,9.18953,1.19,1.19
2014.07.28 20:26:27.082,9.18685,9.18953,1.19,1.19
2014.07.28 20:26:27.628,9.18685,9.18953,1.00,1.75
2014.07.28 20:26:27.730,9.18697,9.18874,1.00,1.50
2014.07.28 20:26:27.832,9.18682,9.18874,1.00,1.50
2014.07.28 20:26:28.338,9.18681,9.18874,1.00,1.50
2014.07.28 20:26:28.389,9.18651,9.18916,1.00,1.19
2014.07.28 20:26:28.441,9.18658,9.18916,1.00,1.19
2014.07.28 20:26:28.715,9.18678,9.18946,1.19,1.94
2014.07.28 20:26:29.575,9.18689,9.18951,1.00,1.19
2014.07.28 20:26:30.096,9.18689,9.18957,1.19,1.19
2014.07.28 20:26:31.422,9.18689,9.18955,1.00,1.19
2014.07.28 20:26:32.889,9.18701,9.18955,1.00,1.19
2014.07.28 20:26:33.325,9.18701,9.18953,1.00,1.19
2014.07.28 20:26:34.548,9.18701,9.18962,1.00,1.19
2014.07.28 20:26:34.903,9.18701,9.18934,1.00,1.75
2014.07.28 20:26:35.056,9.1867,9.18934,1.19,1.75
2014.07.28 20:26:35.157,9.18652,9.1892,1.19,1.57
2014.07.28 20:26:35.359,9.1863,9.18889,1.19,1.00
2014.07.28 20:26:35.724,9.1863,9.18878,1.19,1.00
2014.07.28 20:26:36.080,9.1863,9.18878,1.19,1.75
2014.07.28 20:26:36.131,9.1861,9.18847,1.00,1.94
2014.07.28 20:26:36.334,9.18585,9.18824,1.00,1.69
2014.07.28 20:26:36.489,9.18574,9.18824,1.19,1.69
2014.07.28 20:26:36.590,9.18595,9.18847,1.00,1.19
2014.07.28 20:26:37.359,9.18595,9.18865,1.00,1.75
2014.07.28 20:26:37.511,9.18595,9.18824,1.00,1.50
2014.07.28 20:26:37.561,9.18582,9.18824,1.00,1.50
2014.07.28 20:26:37.713,9.18582,9.1885,1.00,1.00
2014.07.28 20:26:37.865,9.18593,9.18861,1.00,1.75
2014.07.28 20:26:38.825,9.18593,9.18861,1.19,1.94
2014.07.28 20:26:40.127,9.18593,9.18861,1.19,1.94
2014.07.28 20:26:41.554,9.18593,9.18861,1.19,1.94
2014.07.28 20:26:42.971,9.18593,9.18861,1.19,1.19
2014.07.28 20:26:43.937,9.18593,9.18861,1.19,1.19
2014.07.28 20:26:45.840,9.18593,9.18861,1.19,1.19
2014.07.28 20:26:48.150,9.18593,9.18861,1.19,1.19
2014.07.28 20:26:49.262,9.18593,9.18861,1.19,1.19
2014.07.28 20:26:50.357,9.18604,9.18872,1.19,1.19
2014.07.28 20:26:51.402,9.18604,9.18872,1.19,1.19
2014.07.28 20:26:55.375,9.18604,9.18872,1.19,1.19
2014.07.28 20:26:56.779,9.18604,9.18872,1.19,1.19
2014.07.28 20:26:57.801,9.18604,9.18872,1.19,1.94
2014.07.28 20:26:58.105,9.18627,9.18887,1.00,1.94
2014.07.28 20:26:58.156,9.18616,9.18884,1.19,1.19
2014.07.28 20:26:59.101,9.18616,9.18884,1.19,1.19
2014.07.28 20:27:00.093,9.18616,9.18884,1.19,1.19
2014.07.28 20:27:05.136,9.18617,9.18884,1.19,1.00
2014.07.28 20:27:05.462,9.18617,9.18884,1.19,1.75
2014.07.28 20:27:05.564,9.18617,9.18884,1.19,1.00
2014.07.28 20:27:06.636,9.18616,9.18884,1.19,1.19
2014.07.28 20:27:11.172,9.18618,9.18884,1.19,1.00
2014.07.28 20:27:11.476,9.18618,9.18884,1.19,1.75
2014.07.28 20:27:11.783,9.18618,9.18884,1.19,1.00
2014.07.28 20:27:12.530,9.18616,9.18884,1.19,1.19
2014.07.28 20:27:14.435,9.18616,9.18884,1.19,1.25
2014.07.28 20:27:15.439,9.18618,9.18884,1.19,1.00
2014.07.28 20:27:15.760,9.18618,9.18884,1.19,1.75
2014.07.28 20:27:15.963,9.18616,9.18882,1.00,1.94
2014.07.28 20:27:17.947,9.18616,9.18884,1.19,1.19
2014.07.28 20:27:18.949,9.1862,9.18888,1.19,1.32
2014.07.28 20:27:19.953,9.1862,9.18888,1.19,1.32
2014.07.28 20:27:20.956,9.1862,9.18888,1.19,1.32
2014.07.28 20:27:25.969,9.1862,9.18888,1.19,1.32
2014.07.28 20:27:27.374,9.1862,9.18888,1.19,1.32
2014.07.28 20:27:28.686,9.1862,9.18888,1.69,1.13
2014.07.28 20:27:31.486,9.1862,9.18888,1.19,1.32
2014.07.28 20:27:32.707,9.1862,9.18888,1.19,1.32
2014.07.28 20:27:37.403,9.18621,9.18888,1.19,1.13
2014.07.28 20:27:38.506,9.1862,9.18888,1.19,1.32
2014.07.28 20:27:38.557,9.1862,9.18888,1.19,1.94
2014.07.28 20:27:39.121,9.1862,9.18888,1.19,1.32
2014.07.28 20:27:39.830,9.1862,9.18888,1.19,1.32
2014.07.28 20:27:40.063,9.1862,9.18888,1.19,1.94
2014.07.28 20:27:40.630,9.1862,9.18888,1.19,1.32
2014.07.28 20:27:41.629,9.1862,9.18888,1.19,1.94
2014.07.28 20:27:42.034,9.1862,9.18888,1.19,1.32
2014.07.28 20:27:42.817,9.1862,9.18888,1.19,1.32
2014.07.28 20:27:43.200,9.1862,9.18888,1.19,1.94
2014.07.28 20:27:43.554,9.18608,9.18878,1.19,1.19
2014.07.28 20:27:45.473,9.1862,9.18888,1.19,1.19
2014.07.28 20:27:46.425,9.1862,9.18888,1.19,1.19
2014.07.28 20:27:48.531,9.1862,9.18888,1.19,1.19
2014.07.28 20:27:50.434,9.1862,9.18888,1.19,1.25
2014.07.28 20:27:51.539,9.1862,9.18888,1.19,1.19
2014.07.28 20:27:53.160,9.1862,9.18888,1.19,1.19
2014.07.28 20:27:54.345,9.1862,9.18888,1.19,1.19
2014.07.28 20:27:55.484,9.1862,9.18888,1.19,1.19
2014.07.28 20:27:57.154,9.1862,9.18888,1.19,1.19
2014.07.28 20:27:59.056,9.1862,9.18888,1.19,1.19
2014.07.28 20:28:01.164,9.1862,9.18888,1.19,1.19
2014.07.28 20:28:03.271,9.1862,9.18888,1.19,1.19
2014.07.28 20:28:07.179,9.18617,9.18885,1.19,1.19
2014.07.28 20:28:10.388,9.1862,9.18885,1.19,1.00
2014.07.28 20:28:11.392,9.18618,9.18885,1.19,1.00
2014.07.28 20:28:17.173,9.18624,9.18885,1.19,1.00
2014.07.28 20:28:20.049,9.18621,9.18885,1.19,1.00
2014.07.28 20:28:24.301,9.18621,9.18889,1.69,1.13
2014.07.28 20:28:26.603,9.18621,9.18889,1.19,1.32
2014.07.28 20:28:28.221,9.18621,9.18889,1.19,1.32
2014.07.28 20:28:30.126,9.18621,9.18889,1.19,1.32
2014.07.28 20:28:31.383,9.18622,9.18889,1.19,1.13
2014.07.28 20:28:34.391,9.18626,9.18889,1.19,1.13
2014.07.28 20:28:35.834,9.18621,9.18889,1.69,1.13
2014.07.28 20:28:38.104,9.18621,9.18889,1.19,1.32
2014.07.28 20:28:41.614,9.18624,9.18889,1.19,1.13
2014.07.28 20:28:42.817,9.18622,9.18889,1.19,1.13
2014.07.28 20:28:43.727,9.18622,9.18889,1.19,1.38
2014.07.28 20:28:45.343,9.18621,9.18888,1.19,1.13
2014.07.28 20:28:48.133,9.1862,9.18888,1.19,1.32
2014.07.28 20:28:50.641,9.18621,9.18888,1.19,1.13
2014.07.28 20:28:52.146,9.18622,9.18888,1.19,1.13
2014.07.28 20:28:54.767,9.1862,9.18888,1.19,1.32
2014.07.28 20:28:56.156,9.18621,9.18888,1.19,1.13
2014.07.28 20:28:58.001,9.18624,9.18888,1.19,1.13
2014.07.28 20:29:00.967,9.18628,9.18888,1.19,1.13
2014.07.28 20:29:02.373,9.18624,9.18888,1.19,1.13
2014.07.28 20:29:05.179,9.18629,9.18888,1.19,1.13
2014.07.28 20:29:07.586,9.1862,9.18888,1.00,1.13
2014.07.28 20:29:10.095,9.1862,9.18888,1.19,1.32
2014.07.28 20:29:11.298,9.1862,9.18888,1.19,1.32
2014.07.28 20:29:15.129,9.1862,9.18888,1.19,1.32
2014.07.28 20:29:17.971,9.1862,9.18888,1.19,1.32
2014.07.28 20:29:19.626,9.1862,9.18888,1.19,1.32
2014.07.28 20:29:20.931,9.1862,9.18888,1.19,1.32
2014.07.28 20:29:29.154,9.1862,9.18888,1.19,1.32
2014.07.28 20:29:35.374,9.1862,9.18888,1.19,1.32
2014.07.28 20:29:37.882,9.1862,9.18888,1.19,1.32
2014.07.28 20:29:41.391,9.1862,9.18888,1.19,1.32
2014.07.28 20:29:42.498,9.1862,9.18888,1.19,1.32
2014.07.28 20:29:43.501,9.1862,9.18888,1.19,1.32
2014.07.28 20:29:44.904,9.18616,9.18912,1.19,1.94
2014.07.28 20:29:51.323,9.18619,9.18887,1.19,1.19
2014.07.28 20:29:52.331,9.18619,9.18887,1.19,1.19
2014.07.28 20:29:54.838,9.18619,9.18887,1.19,1.19
2014.07.28 20:29:55.943,9.18619,9.18887,1.19,1.19
2014.07.28 20:29:57.981,9.18619,9.18887,1.19,1.19
2014.07.28 20:29:59.355,9.18619,9.18887,1.19,1.19
2014.07.28 20:30:00.682,9.186,9.18924,1.00,1.75
2014.07.28 20:30:21.929,9.18599,9.18924,1.00,1.75
2014.07.28 20:30:27.631,9.18573,9.18911,1.00,1.75
2014.07.28 20:30:48.256,9.18564,9.18904,1.00,1.75
2014.07.28 20:30:49.786,9.18564,9.18904,1.00,1.75
2014.07.28 20:31:01.544,9.18564,9.18904,1.00,1.75
2014.07.28 20:31:01.848,9.1857,9.18903,1.00,1.75
2014.07.28 20:31:02.846,9.1857,9.18903,1.00,1.75
2014.07.28 20:31:15.732,9.18578,9.1892,1.00,1.75
2014.07.28 20:31:42.245,9.18576,9.18917,1.00,1.75
2014.07.28 20:32:02.267,9.18578,9.18921,1.00,1.75
2014.07.28 20:32:23.309,9.18577,9.18916,1.00,1.75
2014.07.28 20:33:05.308,9.18576,9.18912,1.00,1.75
2014.07.28 20:33:10.282,9.18576,9.18912,1.00,1.75
2014.07.28 20:33:24.625,9.18578,9.18914,1.75,1.00
2014.07.28 20:33:24.828,9.18598,9.18926,1.00,1.00
2014.07.28 20:33:28.718,9.18598,9.18899,1.00,1.00
2014.07.28 20:33:28.920,9.18551,9.18883,1.00,1.75
2014.07.28 20:33:29.879,9.18556,9.18898,2.25,1.00
2014.07.28 20:33:30.030,9.1859,9.18918,1.38,1.00
2014.07.28 20:33:30.081,9.1859,9.18929,1.38,1.00
2014.07.28 20:33:31.346,9.1859,9.18929,1.00,1.50
2014.07.28 20:33:36.335,9.1859,9.18929,1.00,1.75
2014.07.28 20:33:37.375,9.1859,9.18937,1.50,1.38
2014.07.28 20:33:41.405,9.1859,9.18937,1.50,1.75
2014.07.28 20:33:42.807,9.18591,9.18937,1.00,1.75
2014.07.28 20:33:46.282,9.18591,9.18937,1.00,1.75
2014.07.28 20:33:47.376,9.18591,9.18937,1.00,1.38
2014.07.28 20:33:50.348,9.18591,9.18937,1.00,1.75
2014.07.28 20:33:51.635,9.18591,9.18933,1.00,1.00
2014.07.28 20:34:10.376,9.18589,9.18933,1.00,1.00
2014.07.28 20:34:10.530,9.1859,9.18937,1.00,1.88
2014.07.28 20:34:47.688,9.18593,9.18937,1.00,1.38
2014.07.28 20:34:54.206,9.18593,9.18937,1.00,1.38
2014.07.28 20:34:58.243,9.18594,9.18937,1.00,1.38
2014.07.28 20:35:07.965,9.18593,9.18937,1.00,1.38
2014.07.28 20:35:08.176,9.18574,9.1892,1.00,1.00
2014.07.28 20:35:08.226,9.18574,9.1891,1.00,1.00
2014.07.28 20:35:08.277,9.18562,9.18899,1.00,1.00
2014.07.28 20:35:08.328,9.18562,9.18834,1.00,1.50
2014.07.28 20:35:08.581,9.18562,9.18883,1.00,1.00
2014.07.28 20:35:08.632,9.18562,9.18899,1.00,1.00
2014.07.28 20:35:14.078,9.18558,9.18899,1.00,1.00
2014.07.28 20:35:22.537,9.18559,9.18899,1.00,1.00
2014.07.28 20:35:23.980,9.18609,9.18899,1.00,1.00
2014.07.28 20:35:24.284,9.18709,9.18944,1.50,2.25
2014.07.28 20:35:24.587,9.18786,9.18944,1.47,2.25
2014.07.28 20:35:24.896,9.18798,9.18944,1.50,1.88
2014.07.28 20:35:25.149,9.18724,9.18994,1.00,2.25
2014.07.28 20:35:25.251,9.18709,9.18979,1.00,1.75
2014.07.28 20:35:25.352,9.18642,9.18979,1.00,1.75
2014.07.28 20:35:25.454,9.18631,9.18976,1.00,1.75
2014.07.28 20:35:26.332,9.18631,9.18976,1.00,1.75
2014.07.28 20:35:26.768,9.18605,9.1895,1.00,1.75
2014.07.28 20:35:26.870,9.18602,9.18937,1.00,1.75
2014.07.28 20:35:27.506,9.18602,9.18922,1.00,1.00
2014.07.28 20:35:27.895,9.18576,9.18922,1.00,1.00
2014.07.28 20:35:28.161,9.18576,9.18922,1.00,1.38
2014.07.28 20:35:29.326,9.18576,9.18914,1.00,1.50
2014.07.28 20:35:29.837,9.18576,9.18905,1.00,1.00
2014.07.28 20:35:31.315,9.18576,9.18905,1.00,1.50
2014.07.28 20:35:33.395,9.18559,9.18905,1.00,1.50
2014.07.28 20:35:34.619,9.18559,9.18905,1.00,1.00
2014.07.28 20:35:38.504,9.1856,9.18905,1.00,1.00
2014.07.28 20:35:49.273,9.18557,9.18905,1.50,1.50
2014.07.28 20:35:49.424,9.18557,9.18894,1.00,1.00
2014.07.28 20:36:01.318,9.18552,9.18894,1.00,1.00
2014.07.28 20:36:01.470,9.18552,9.18874,1.00,1.50
2014.07.28 20:36:23.313,9.18547,9.18874,1.00,1.50
2014.07.28 20:36:58.377,9.18547,9.18869,1.00,1.00
2014.07.28 20:37:01.573,9.18523,9.18869,1.00,1.00
2014.07.28 20:37:01.834,9.18523,9.18851,1.00,1.00
2014.07.28 20:37:02.163,9.18503,9.18839,1.00,1.00
2014.07.28 20:37:02.264,9.18491,9.18831,1.00,1.00
2014.07.28 20:37:08.516,9.18501,9.18831,1.00,1.00
2014.07.28 20:37:08.566,9.18501,9.18844,1.00,1.88
2014.07.28 20:37:11.360,9.18501,9.18844,1.00,2.25
2014.07.28 20:37:31.594,9.18482,9.18828,1.00,1.75
2014.07.28 20:37:31.906,9.18479,9.18796,1.00,1.75
2014.07.28 20:37:32.059,9.18479,9.18796,1.00,1.38
2014.07.28 20:37:32.160,9.18455,9.18796,1.00,1.38
2014.07.28 20:37:32.211,9.18455,9.1877,1.00,1.00
2014.07.28 20:37:32.514,9.1842,9.18684,1.00,1.50
2014.07.28 20:37:37.143,9.18409,9.18684,1.00,1.50
2014.07.28 20:37:37.295,9.18384,9.18684,1.00,1.50
2014.07.28 20:37:38.686,9.18384,9.18728,1.00,1.00
2014.07.28 20:37:40.876,9.18399,9.18734,1.00,1.00
2014.07.28 20:37:41.213,9.18413,9.18735,1.00,1.50
2014.07.28 20:37:42.311,9.18413,9.18759,1.00,1.75
2014.07.28 20:37:42.487,9.18428,9.18759,1.00,1.75
2014.07.28 20:37:47.576,9.18428,9.18759,1.00,1.00
2014.07.28 20:37:47.627,9.18428,9.18775,1.50,1.00
2014.07.28 20:37:47.946,9.18428,9.18684,1.50,1.50
2014.07.28 20:37:48.299,9.18428,9.18775,1.50,1.00
2014.07.28 20:37:52.081,9.18428,9.18775,1.50,1.75
2014.07.28 20:38:02.829,9.18429,9.18776,1.00,2.25
2014.07.28 20:38:12.557,9.18429,9.18771,1.00,1.75
2014.07.28 20:38:12.860,9.18423,9.18654,1.00,1.50
2014.07.28 20:38:13.113,9.18423,9.18763,1.00,1.75
2014.07.28 20:38:21.565,9.18421,9.18763,1.00,1.75
2014.07.28 20:38:22.081,9.18421,9.18763,1.00,1.75
2014.07.28 20:38:22.338,9.18421,9.18763,1.00,1.75
2014.07.28 20:38:22.389,9.18421,9.18654,1.00,1.50
2014.07.28 20:38:22.490,9.18421,9.18745,1.00,1.00
2014.07.28 20:38:22.592,9.18421,9.18762,1.00,1.75
2014.07.28 20:38:23.232,9.18432,9.18769,1.00,1.75
2014.07.28 20:38:43.368,9.18429,9.18771,1.00,1.75
2014.07.28 20:38:43.860,9.18429,9.18771,1.00,1.75
2014.07.28 20:38:43.961,9.18423,9.18758,1.00,1.75
2014.07.28 20:38:44.012,9.18409,9.18743,1.00,1.75
2014.07.28 20:38:44.063,9.18395,9.18743,1.00,2.25
2014.07.28 20:38:44.114,9.18395,9.18743,1.00,2.25
2014.07.28 20:38:44.265,9.18393,9.18721,1.00,1.75
2014.07.28 20:38:44.316,9.18393,9.18721,1.00,1.00
2014.07.28 20:38:44.367,9.18393,9.18624,1.00,1.50
2014.07.28 20:38:44.468,9.18393,9.1874,1.50,1.75
2014.07.28 20:38:44.625,9.18414,9.18743,1.00,1.75
2014.07.28 20:39:03.760,9.18496,9.18761,1.00,1.75
2014.07.28 20:39:03.861,9.18491,9.18761,1.00,1.75
2014.07.28 20:39:03.912,9.18491,9.18765,1.00,2.25
2014.07.28 20:39:03.963,9.18493,9.18765,1.00,2.25
2014.07.28 20:39:04.267,9.18551,9.18859,1.00,1.75
2014.07.28 20:39:04.871,9.18555,9.18872,1.00,1.75
2014.07.28 20:39:04.922,9.18566,9.18872,1.50,1.75
2014.07.28 20:39:05.080,9.18592,9.18936,1.00,2.25
2014.07.28 20:39:05.232,9.18619,9.18936,1.00,1.75
2014.07.28 20:39:15.789,9.18621,9.18954,1.00,1.75
2014.07.28 20:39:25.904,9.18628,9.18954,1.00,1.75
2014.07.28 20:39:28.256,9.18628,9.18954,1.00,1.75
2014.07.28 20:39:33.738,9.18628,9.18954,1.75,1.00
2014.07.28 20:39:56.490,9.18631,9.18964,1.75,1.00
2014.07.28 20:40:01.206,9.18646,9.18964,1.00,1.00
2014.07.28 20:40:02.347,9.18631,9.18964,1.75,1.00
2014.07.28 20:40:37.492,9.18635,9.18964,1.75,1.00
2014.07.28 20:41:40.066,9.18638,9.18964,1.50,1.00
2014.07.28 20:41:55.824,9.18639,9.18944,1.00,1.75
2014.07.28 20:41:58.338,9.18639,9.18969,1.00,1.75
2014.07.28 20:42:04.864,9.18631,9.18969,1.00,1.75
2014.07.28 20:42:25.888,9.18626,9.18959,1.00,1.75
2014.07.28 20:42:53.734,9.18626,9.18874,1.00,1.50
2014.07.28 20:42:53.887,9.18611,9.18874,1.00,1.50
2014.07.28 20:42:53.938,9.18611,9.18953,1.00,1.38
2014.07.28 20:43:13.892,9.18614,9.18953,1.00,1.38
2014.07.28 20:43:34.720,9.18617,9.18953,1.00,1.38
2014.07.28 20:43:54.802,9.18614,9.18952,1.00,1.38
2014.07.28 20:44:03.941,9.18614,9.1895,1.00,1.00
2014.07.28 20:44:14.542,9.18614,9.18951,1.00,1.13
2014.07.28 20:45:39.005,9.18596,9.18959,1.75,1.75
2014.07.28 20:46:00.216,9.18596,9.18959,1.38,1.75
2014.07.28 20:46:18.869,9.18612,9.18959,1.00,2.25
2014.07.28 20:47:20.926,9.18613,9.18959,1.00,1.75
2014.07.28 20:47:40.869,9.18611,9.18959,1.00,2.25
2014.07.28 20:47:48.419,9.18629,9.18959,1.00,1.75
2014.07.28 20:47:48.728,9.18611,9.18958,1.00,1.75
2014.07.28 20:48:00.832,9.18611,9.18958,1.00,1.75
2014.07.28 20:48:01.135,9.18571,9.18834,1.00,1.50
2014.07.28 20:48:01.439,9.18587,9.18834,1.00,1.50
2014.07.28 20:48:01.604,9.18587,9.18914,1.00,1.50
2014.07.28 20:48:02.345,9.18587,9.18914,1.75,1.50
2014.07.28 20:48:02.396,9.18587,9.18935,1.75,1.50
2014.07.28 20:48:02.547,9.18602,9.1895,1.00,1.75
2014.07.28 20:48:22.868,9.18599,9.18949,1.00,1.75
2014.07.28 20:49:00.653,9.18599,9.18949,1.00,1.75
2014.07.28 20:49:01.822,9.18599,9.18824,1.00,1.50
2014.07.28 20:49:01.873,9.18567,9.18824,1.75,1.50
2014.07.28 20:49:02.026,9.18567,9.18915,1.75,1.00
2014.07.28 20:49:02.077,9.18582,9.18925,1.75,1.00
2014.07.28 20:49:02.279,9.18596,9.18944,1.00,1.75
2014.07.28 20:49:38.155,9.18596,9.18874,1.00,1.00
2014.07.28 20:49:38.206,9.18576,9.18874,1.75,1.00
2014.07.28 20:49:38.357,9.1856,9.18885,1.75,1.00
2014.07.28 20:49:44.358,9.18571,9.18885,1.00,1.75
2014.07.28 20:50:17.973,9.18561,9.18875,1.00,1.38
2014.07.28 20:50:18.148,9.18571,9.18875,1.00,1.38
2014.07.28 20:50:38.465,9.18561,9.18874,1.00,1.38
2014.07.28 20:50:46.094,9.18561,9.18952,1.75,1.38
2014.07.28 20:50:46.195,9.18631,9.18952,1.00,1.38
2014.07.28 20:50:46.449,9.18536,9.18904,1.00,2.25
2014.07.28 20:50:46.632,9.18536,9.18904,1.75,2.25
2014.07.28 20:50:46.733,9.1855,9.18904,1.00,2.25
2014.07.28 20:50:46.940,9.18536,9.18904,1.75,2.25
2014.07.28 20:50:47.390,9.18556,9.18904,1.00,2.25
2014.07.28 20:51:58.598,9.18546,9.18964,1.38,1.75
2014.07.28 20:52:11.879,9.18561,9.18944,1.00,1.75
2014.07.28 20:52:12.159,9.18545,9.18954,1.38,1.75
2014.07.28 20:52:15.173,9.18566,9.18954,1.00,1.75
2014.07.28 20:53:17.119,9.18571,9.18945,1.00,1.75
2014.07.28 20:53:17.439,9.18566,9.18954,1.00,1.75
2014.07.28 20:53:19.616,9.18576,9.18954,1.00,1.75
2014.07.28 20:53:56.437,9.18566,9.18954,1.00,1.75
2014.07.28 20:54:57.219,9.18566,9.18954,1.00,1.75
2014.07.28 20:55:19.341,9.18586,9.18944,1.00,1.75
2014.07.28 20:55:29.379,9.18576,9.18944,1.00,1.75
2014.07.28 20:56:36.031,9.18566,9.18954,1.00,1.75
2014.07.28 20:57:04.392,9.18591,9.18934,1.00,1.75
2014.07.28 20:57:04.696,9.18566,9.18944,1.00,1.75
2014.07.28 20:57:08.585,9.18586,9.18944,1.00,1.75
2014.07.28 20:58:05.194,9.18591,9.18934,1.00,1.75
2014.07.28 20:58:05.356,9.18591,9.18944,1.00,1.75
2014.07.28 20:58:05.407,9.18631,9.18944,1.00,1.75
2014.07.28 20:58:23.353,9.18631,9.18944,1.00,1.75
2014.07.28 20:58:23.404,9.18591,9.18934,1.00,1.75
2014.07.28 20:58:23.661,9.18576,9.18944,1.00,1.75
2014.07.28 20:58:26.373,9.18631,9.18944,1.00,1.75
2014.07.28 20:58:37.110,9.18621,9.18944,1.00,1.75
2014.07.28 20:58:37.417,9.18631,9.18954,1.00,1.75
2014.07.28 20:59:00.383,9.1862,9.18944,1.00,1.75
2014.07.28 20:59:17.476,9.1862,9.18944,0.75,0.75
2014.07.28 20:59:21.659,9.1863,9.18944,0.75,0.75
2014.07.28 20:59:22.561,9.1863,9.18955,0.75,0.75
2014.07.28 20:59:50.102,9.18631,9.18955,0.75,0.75
2014.07.28 20:59:57.884,9.18456,9.19044,1.88,1.88
2014.07.28 20:59:57.935,9.18432,9.1907,0.15,2.78
2014.07.28 20:59:57.985,9.18432,9.18607,0.15,1.50
