2010.09.30 02:00:00.888,9.15595,9.1593,1.00,1.00
2010.09.30 02:00:01.187,9.155,9.1593,1.00,1.00
2010.09.30 02:00:01.488,9.15565,9.1587,1.60,1.00
2010.09.30 02:00:02.248,9.1563,9.159,1.00,1.00
2010.09.30 02:00:02.596,9.1547,9.15895,1.00,1.00
2010.09.30 02:00:04.136,9.1549,9.15895,1.00,1.00
2010.09.30 02:00:05.230,9.155,9.1585,1.00,1.00
2010.09.30 02:00:05.897,9.155,9.1582,1.00,1.00
2010.09.30 02:00:07.159,9.155,9.1581,1.00,1.00
2010.09.30 02:00:07.906,9.155,9.158,1.00,1.00
2010.09.30 02:00:13.687,9.1548,9.1581,1.00,1.00
2010.09.30 02:00:14.946,9.15505,9.1585,1.00,1.00
2010.09.30 02:00:16.163,9.1547,9.1585,1.00,1.00
2010.09.30 02:00:16.512,9.1549,9.1585,1.00,1.00
2010.09.30 02:00:16.860,9.155,9.1585,1.00,1.00
2010.09.30 02:00:37.385,9.155,9.1582,1.00,1.00
2010.09.30 02:00:37.862,9.155,9.1581,1.00,1.00
2010.09.30 02:00:38.639,9.155,9.1585,1.00,1.00
2010.09.30 02:01:38.044,9.15475,9.15925,1.60,1.60
2010.09.30 02:01:43.568,9.15585,9.15925,1.00,1.60
2010.09.30 02:01:43.808,9.15585,9.1593,1.00,1.00
2010.09.30 02:01:44.149,9.1548,9.1592,1.00,1.00
2010.09.30 02:01:45.230,9.1561,9.1593,1.00,1.00
2010.09.30 02:01:46.260,9.1548,9.1592,1.00,1.00
2010.09.30 02:01:46.947,9.1548,9.1592,1.00,1.00
2010.09.30 02:01:48.264,9.155,9.1589,1.00,1.00
2010.09.30 02:01:49.698,9.155,9.1587,1.00,1.00
2010.09.30 02:01:50.037,9.155,9.1586,1.00,1.00
2010.09.30 02:01:51.603,9.155,9.1585,1.00,1.00
2010.09.30 02:01:54.907,9.15565,9.1593,1.60,1.00
2010.09.30 02:01:55.058,9.1555,9.1593,1.00,1.00
2010.09.30 02:01:55.208,9.155,9.1593,1.00,1.00
2010.09.30 02:01:56.733,9.155,9.159,1.00,1.00
2010.09.30 02:01:57.937,9.155,9.1585,1.00,1.00
2010.09.30 02:01:58.927,9.155,9.1582,1.00,1.00
2010.09.30 02:01:59.828,9.155,9.1581,1.00,1.00
2010.09.30 02:02:00.811,9.155,9.158,1.00,1.00
2010.09.30 02:02:17.292,9.155,9.1585,1.00,1.00
2010.09.30 02:02:30.160,9.155,9.15925,1.00,1.60
2010.09.30 02:02:30.961,9.155,9.1593,1.00,1.00
2010.09.30 02:02:31.879,9.1551,9.1593,1.00,1.00
2010.09.30 02:02:36.225,9.15565,9.1593,1.60,1.00
2010.09.30 02:02:36.399,9.155,9.1593,1.00,1.00
2010.09.30 02:02:37.967,9.155,9.1593,1.00,1.00
2010.09.30 02:02:38.292,9.155,9.1593,1.00,1.00
2010.09.30 02:02:38.917,9.1551,9.1593,1.00,1.00
2010.09.30 02:02:41.322,9.1551,9.1593,1.00,1.00
2010.09.30 02:02:42.019,9.1555,9.1593,1.00,1.00
2010.09.30 02:02:42.350,9.15565,9.1593,1.60,1.00
2010.09.30 02:02:42.674,9.1551,9.1593,1.00,1.00
2010.09.30 02:03:20.329,9.155,9.1593,1.00,1.00
2010.09.30 02:03:22.093,9.155,9.1589,1.00,1.00
2010.09.30 02:03:22.797,9.155,9.1586,1.00,1.00
2010.09.30 02:03:24.977,9.155,9.1585,1.00,1.00
2010.09.30 02:03:59.718,9.15585,9.15925,1.00,1.60
2010.09.30 02:03:59.889,9.15585,9.1593,1.00,1.00
2010.09.30 02:04:00.059,9.1549,9.1593,1.00,1.00
2010.09.30 02:04:03.430,9.1551,9.1593,1.00,1.00
2010.09.30 02:04:40.107,9.1552,9.1593,1.00,1.00
2010.09.30 02:04:40.391,9.15565,9.1593,1.60,1.00
2010.09.30 02:04:40.673,9.1552,9.1593,1.00,1.00
2010.09.30 02:04:42.235,9.15565,9.1593,1.60,1.00
2010.09.30 02:04:42.524,9.1551,9.1593,1.00,1.00
2010.09.30 02:04:43.406,9.1552,9.1593,1.00,1.00
2010.09.30 02:04:48.059,9.1551,9.1593,1.00,1.00
2010.09.30 02:04:49.761,9.1551,9.1593,1.00,1.00
2010.09.30 02:05:52.829,9.155,9.1593,1.00,1.00
2010.09.30 02:05:58.148,9.1555,9.1593,1.00,1.00
2010.09.30 02:05:58.400,9.1557,9.1593,1.00,1.00
2010.09.30 02:05:58.651,9.15525,9.1593,1.00,1.00
2010.09.30 02:06:04.619,9.15565,9.1593,1.60,1.00
2010.09.30 02:06:05.885,9.1553,9.1593,1.00,1.00
2010.09.30 02:06:12.779,9.1558,9.1593,1.00,1.00
2010.09.30 02:06:13.000,9.15515,9.1593,1.00,1.00
2010.09.30 02:06:39.602,9.155,9.1593,1.00,1.00
2010.09.30 02:06:41.302,9.155,9.1589,1.00,1.00
2010.09.30 02:06:41.956,9.155,9.1586,1.00,1.00
2010.09.30 02:06:42.647,9.15505,9.1593,1.00,1.00
2010.09.30 02:06:42.959,9.1552,9.1593,1.00,1.00
2010.09.30 02:06:47.107,9.1551,9.1593,1.00,1.00
2010.09.30 02:06:48.831,9.1552,9.1593,1.00,1.00
2010.09.30 02:07:06.776,9.15565,9.1593,1.00,1.00
2010.09.30 02:07:07.122,9.15565,9.1593,2.40,1.00
2010.09.30 02:07:07.966,9.15565,9.1593,1.00,1.00
2010.09.30 02:07:13.255,9.1555,9.1593,1.00,1.00
2010.09.30 02:07:30.199,9.1555,9.1606,1.00,1.00
2010.09.30 02:07:38.022,9.15565,9.1607,1.00,1.00
2010.09.30 02:07:57.032,9.1555,9.16055,1.00,1.00
2010.09.30 02:07:58.229,9.1556,9.16065,1.00,1.00
2010.09.30 02:08:02.831,9.1551,9.16015,1.00,1.00
2010.09.30 02:08:04.565,9.1551,9.1601,1.00,1.00
2010.09.30 02:08:04.908,9.1551,9.1597,1.00,1.00
2010.09.30 02:08:05.746,9.1551,9.1595,1.00,1.00
2010.09.30 02:08:06.792,9.1551,9.1594,1.00,1.00
2010.09.30 02:09:08.268,9.1551,9.16015,1.00,1.00
2010.09.30 02:10:27.337,9.15475,9.1591,1.60,1.00
2010.09.30 02:10:27.482,9.1539,9.1591,1.00,1.00
2010.09.30 02:12:51.409,9.1536,9.15865,1.00,1.00
2010.09.30 02:13:12.675,9.1544,9.1593,1.00,1.00
2010.09.30 02:18:11.149,9.1546,9.15965,1.00,1.00
2010.09.30 02:18:52.347,9.15485,9.1593,1.00,1.00
2010.09.30 02:19:01.140,9.1549,9.1593,1.00,1.00
2010.09.30 02:19:15.188,9.15495,9.1593,1.00,1.00
2010.09.30 02:19:21.072,9.15505,9.1593,1.00,1.00
2010.09.30 02:21:26.279,9.15565,9.1593,1.00,1.00
2010.09.30 02:21:26.459,9.1559,9.1593,1.00,1.00
2010.09.30 02:25:30.714,9.15545,9.1593,1.00,1.00
2010.09.30 02:25:44.079,9.15525,9.1593,1.00,1.00
2010.09.30 02:25:45.998,9.15505,9.1593,1.00,1.00
2010.09.30 02:25:47.288,9.15505,9.1589,1.00,1.00
2010.09.30 02:25:47.940,9.15505,9.1587,1.00,1.00
2010.09.30 02:25:49.090,9.15505,9.1586,1.00,1.00
2010.09.30 02:25:49.863,9.15505,9.1585,1.00,1.00
2010.09.30 02:26:23.801,9.15505,9.1593,1.00,1.00
2010.09.30 02:26:25.220,9.155,9.1593,1.00,1.00
2010.09.30 02:26:25.944,9.155,9.1589,1.00,1.00
2010.09.30 02:26:27.117,9.155,9.1586,1.00,1.00
2010.09.30 02:26:29.055,9.155,9.1585,1.00,1.00
2010.09.30 02:26:40.482,9.155,9.1582,1.00,1.00
2010.09.30 02:26:40.933,9.155,9.1581,1.00,1.00
2010.09.30 02:26:42.023,9.155,9.158,1.00,1.00
2010.09.30 02:26:44.051,9.155,9.15895,1.00,1.00
2010.09.30 02:26:45.079,9.1553,9.1594,1.00,1.00
2010.09.30 02:26:45.676,9.155,9.1594,1.00,1.00
2010.09.30 02:26:46.967,9.155,9.1587,1.00,1.00
2010.09.30 02:26:47.995,9.155,9.1583,1.00,1.00
2010.09.30 02:26:49.334,9.155,9.1581,1.00,1.00
2010.09.30 02:26:49.748,9.155,9.158,1.00,1.00
2010.09.30 02:27:09.272,9.1561,9.1595,1.00,1.00
2010.09.30 02:27:09.491,9.1548,9.1594,1.00,1.00
2010.09.30 02:27:11.927,9.155,9.1589,1.00,1.00
2010.09.30 02:27:13.467,9.155,9.1587,1.00,1.00
2010.09.30 02:27:13.863,9.155,9.1586,1.00,1.00
2010.09.30 02:27:14.929,9.155,9.1585,1.00,1.00
2010.09.30 02:27:27.950,9.15505,9.15925,1.00,1.60
2010.09.30 02:27:28.120,9.15505,9.1594,1.00,1.00
2010.09.30 02:27:29.810,9.1551,9.1594,1.00,1.00
2010.09.30 02:27:45.603,9.15525,9.1599,1.00,1.00
2010.09.30 02:28:04.842,9.1551,9.1601,1.00,1.00
2010.09.30 02:28:05.981,9.1555,9.1601,1.00,1.00
2010.09.30 02:28:06.657,9.1555,9.16055,1.00,1.00
2010.09.30 02:28:06.889,9.1553,9.16035,1.00,1.00
2010.09.30 02:28:07.742,9.1554,9.16025,1.00,1.60
2010.09.30 02:28:08.080,9.1551,9.1601,1.00,1.00
2010.09.30 02:28:09.021,9.15545,9.1601,1.00,1.00
2010.09.30 02:28:09.142,9.1551,9.1601,1.00,1.00
2010.09.30 02:28:09.269,9.1551,9.1601,1.00,1.00
2010.09.30 02:28:09.391,9.15525,9.1603,1.00,1.00
2010.09.30 02:28:12.080,9.15525,9.1601,1.00,1.00
2010.09.30 02:28:12.952,9.15525,9.16,1.00,1.00
2010.09.30 02:28:14.030,9.15525,9.1603,1.00,1.00
2010.09.30 02:28:14.272,9.15535,9.16035,1.00,1.00
2010.09.30 02:28:14.993,9.1551,9.1601,1.00,1.00
2010.09.30 02:28:15.929,9.1551,9.1601,1.00,1.00
2010.09.30 02:28:16.798,9.1551,9.1597,1.00,1.00
2010.09.30 02:28:17.786,9.1551,9.1595,1.00,1.00
2010.09.30 02:28:18.974,9.1551,9.1594,1.00,1.00
2010.09.30 02:28:24.983,9.1551,9.1599,1.00,1.00
2010.09.30 02:28:26.405,9.155,9.1596,1.00,1.00
2010.09.30 02:28:26.930,9.155,9.1589,1.00,1.00
2010.09.30 02:28:28.366,9.155,9.1594,1.00,1.00
2010.09.30 02:28:28.863,9.1551,9.1594,1.00,1.00
2010.09.30 02:28:30.047,9.1552,9.1599,1.00,1.00
2010.09.30 02:29:14.732,9.1553,9.1599,1.00,1.00
2010.09.30 02:29:15.072,9.1553,9.1603,1.00,1.00
2010.09.30 02:29:15.410,9.155,9.15975,1.00,1.00
2010.09.30 02:29:16.116,9.155,9.1595,1.00,1.00
2010.09.30 02:29:17.050,9.155,9.1595,1.00,1.00
2010.09.30 02:29:17.980,9.155,9.1589,1.00,1.00
2010.09.30 02:29:19.741,9.155,9.1587,1.00,1.00
2010.09.30 02:29:20.080,9.155,9.1586,1.00,1.00
2010.09.30 02:29:20.818,9.155,9.1585,1.00,1.00
2010.09.30 02:29:29.847,9.15505,9.1585,1.00,1.00
2010.09.30 02:29:30.101,9.15505,9.1594,1.00,1.00
2010.09.30 02:29:31.771,9.1551,9.1594,1.00,1.00
2010.09.30 02:29:32.316,9.15505,9.1594,1.00,1.00
2010.09.30 02:29:33.158,9.155,9.1594,1.00,1.00
2010.09.30 02:29:33.747,9.155,9.1589,1.00,1.00
2010.09.30 02:29:35.601,9.155,9.1586,1.00,1.00
2010.09.30 02:29:36.856,9.155,9.1585,1.00,1.00
2010.09.30 02:29:41.903,9.155,9.1582,1.00,1.00
2010.09.30 02:29:42.770,9.155,9.1581,1.00,1.00
2010.09.30 02:29:44.231,9.155,9.158,1.00,1.00
2010.09.30 02:29:55.093,9.1553,9.158,1.00,1.00
2010.09.30 02:29:55.438,9.1553,9.1596,1.00,1.00
2010.09.30 02:29:55.770,9.155,9.1596,1.00,1.00
2010.09.30 02:29:56.858,9.1551,9.1594,1.00,1.00
2010.09.30 02:30:03.833,9.1555,9.1594,1.00,1.00
2010.09.30 02:30:04.182,9.155,9.16,1.00,1.00
2010.09.30 02:30:04.239,9.155,9.1596,1.00,1.00
2010.09.30 02:30:05.499,9.1558,9.1596,1.00,1.00
2010.09.30 02:30:05.570,9.1558,9.15985,1.00,1.00
2010.09.30 02:30:06.172,9.1558,9.16,1.00,1.00
2010.09.30 02:30:06.665,9.1551,9.16005,1.00,1.00
2010.09.30 02:30:07.017,9.1551,9.16005,1.00,1.00
2010.09.30 02:30:08.340,9.1551,9.1597,1.00,1.00
2010.09.30 02:30:09.744,9.1551,9.1595,1.00,1.00
2010.09.30 02:30:09.940,9.1551,9.1594,1.00,1.00
2010.09.30 02:30:16.246,9.1551,9.1601,1.00,1.00
2010.09.30 02:30:16.543,9.1552,9.1602,1.00,1.00
2010.09.30 02:30:18.874,9.1552,9.1601,1.00,1.00
2010.09.30 02:30:20.555,9.1552,9.16,1.00,1.00
2010.09.30 02:30:20.772,9.1552,9.1599,1.00,1.00
2010.09.30 02:30:54.064,9.1552,9.1602,1.00,1.00
2010.09.30 02:30:54.371,9.1552,9.16025,1.00,1.00
2010.09.30 02:30:56.021,9.1552,9.16025,1.00,1.00
2010.09.30 02:31:02.393,9.15525,9.1603,1.00,1.00
2010.09.30 02:31:04.882,9.15525,9.1601,1.00,1.00
2010.09.30 02:31:05.803,9.15525,9.16,1.00,1.00
2010.09.30 02:31:06.794,9.15525,9.1599,1.00,1.00
2010.09.30 02:31:22.682,9.155,9.1597,1.00,1.00
2010.09.30 02:31:23.346,9.155,9.1595,1.00,1.00
2010.09.30 02:31:23.950,9.155,9.1591,1.00,1.00
2010.09.30 02:31:25.559,9.15505,9.1594,1.00,1.00
2010.09.30 02:31:25.911,9.1551,9.1599,1.00,1.00
2010.09.30 02:31:26.765,9.15515,9.1599,1.00,1.00
2010.09.30 02:31:28.293,9.1551,9.1599,1.00,1.00
2010.09.30 02:31:28.794,9.1551,9.1596,1.00,1.00
2010.09.30 02:31:30.360,9.1551,9.1595,1.00,1.00
2010.09.30 02:31:30.781,9.1551,9.1594,1.00,1.00
2010.09.30 02:31:47.451,9.1551,9.1599,1.00,1.00
2010.09.30 02:31:47.631,9.1552,9.1599,1.00,1.00
2010.09.30 02:32:47.575,9.1552,9.16025,1.00,1.00
2010.09.30 02:33:15.150,9.1552,9.16025,1.00,1.00
2010.09.30 02:33:15.493,9.155,9.15975,1.00,1.00
2010.09.30 02:33:16.434,9.155,9.1595,1.00,1.00
2010.09.30 02:33:16.982,9.155,9.1595,1.00,1.00
2010.09.30 02:33:18.083,9.155,9.1589,1.00,1.00
2010.09.30 02:33:18.953,9.155,9.1587,1.00,1.00
2010.09.30 02:33:20.137,9.155,9.1586,1.00,1.00
2010.09.30 02:33:20.770,9.155,9.1585,1.00,1.00
2010.09.30 02:33:31.783,9.155,9.1582,1.00,1.00
2010.09.30 02:33:33.007,9.155,9.1581,1.00,1.00
2010.09.30 02:33:34.473,9.155,9.158,1.00,1.00
2010.09.30 02:33:42.392,9.1548,9.1581,1.00,1.00
2010.09.30 02:33:43.010,9.1548,9.15795,1.00,1.00
2010.09.30 02:33:43.365,9.15475,9.1579,1.60,1.00
2010.09.30 02:33:43.718,9.15475,9.1578,1.60,1.00
2010.09.30 02:33:45.490,9.15475,9.1575,1.60,1.00
2010.09.30 02:33:45.849,9.1545,9.1573,1.60,1.00
2010.09.30 02:33:47.155,9.1545,9.1571,1.60,1.00
2010.09.30 02:33:49.121,9.1545,9.157,1.60,1.00
2010.09.30 02:33:50.117,9.15475,9.1573,1.60,1.00
2010.09.30 02:33:51.924,9.15475,9.1573,1.60,1.00
2010.09.30 02:33:55.301,9.15475,9.15725,1.60,1.60
2010.09.30 02:33:58.842,9.1545,9.1573,1.60,1.00
2010.09.30 02:33:59.853,9.1545,9.1571,1.60,1.00
2010.09.30 02:34:01.418,9.1545,9.157,1.60,1.00
2010.09.30 02:34:08.869,9.1545,9.157,1.60,1.60
2010.09.30 02:34:12.144,9.15475,9.1573,2.20,1.00
2010.09.30 02:34:12.431,9.15475,9.1577,1.60,1.00
2010.09.30 02:34:14.996,9.15475,9.1576,1.60,1.00
2010.09.30 02:34:15.840,9.15475,9.1574,1.60,1.00
2010.09.30 02:34:17.454,9.1555,9.1577,1.00,1.00
2010.09.30 02:34:18.513,9.1548,9.1582,1.00,1.00
2010.09.30 02:34:19.770,9.15475,9.1579,1.60,1.00
2010.09.30 02:34:20.376,9.15475,9.1578,1.60,1.00
2010.09.30 02:34:20.974,9.15475,9.1578,1.60,1.00
2010.09.30 02:34:21.632,9.15475,9.1579,1.60,1.00
2010.09.30 02:34:21.986,9.15475,9.1579,1.60,1.00
2010.09.30 02:34:23.399,9.15475,9.1576,1.60,1.00
2010.09.30 02:34:24.012,9.15475,9.1574,1.60,1.00
2010.09.30 02:34:25.127,9.15475,9.1573,1.60,1.00
2010.09.30 02:34:29.287,9.15475,9.15725,1.60,1.60
2010.09.30 02:34:30.066,9.15475,9.15725,2.20,1.60
2010.09.30 02:34:30.379,9.1551,9.15745,1.00,1.00
2010.09.30 02:34:30.696,9.15475,9.15745,1.60,1.00
2010.09.30 02:34:33.937,9.15475,9.1573,1.60,1.00
2010.09.30 02:34:34.181,9.15475,9.1573,1.60,1.00
2010.09.30 02:34:34.666,9.15475,9.1571,1.60,1.00
2010.09.30 02:34:35.457,9.154,9.1565,2.40,1.00
2010.09.30 02:34:36.211,9.154,9.1563,2.40,1.00
2010.09.30 02:34:48.241,9.15475,9.157,1.60,1.00
2010.09.30 02:34:48.790,9.15475,9.157,1.60,1.00
2010.09.30 02:34:49.972,9.15475,9.157,1.60,1.00
2010.09.30 02:34:51.350,9.15475,9.157,1.60,1.00
2010.09.30 02:34:51.786,9.154,9.1565,2.40,1.00
2010.09.30 02:34:53.771,9.154,9.1563,2.40,1.00
2010.09.30 02:34:53.954,9.154,9.1563,2.40,1.00
2010.09.30 02:35:01.657,9.154,9.15545,2.40,1.00
2010.09.30 02:35:01.983,9.15205,9.15545,1.60,1.00
2010.09.30 02:35:04.143,9.15225,9.1552,1.60,1.00
2010.09.30 02:35:05.322,9.15225,9.1551,1.60,1.00
2010.09.30 02:35:06.027,9.15225,9.155,1.60,1.00
2010.09.30 02:35:16.550,9.15225,9.1559,1.60,1.00
2010.09.30 02:35:18.479,9.1523,9.1559,1.00,1.00
2010.09.30 02:35:18.910,9.1523,9.1559,1.00,1.00
2010.09.30 02:35:19.894,9.1523,9.1557,1.00,1.00
2010.09.30 02:35:20.867,9.1523,9.1555,1.00,1.00
2010.09.30 02:35:22.089,9.1526,9.1564,1.00,1.00
2010.09.30 02:35:22.773,9.1524,9.1569,1.00,1.00
2010.09.30 02:35:24.862,9.1525,9.1568,1.00,1.00
2010.09.30 02:35:25.815,9.1525,9.1563,1.00,1.00
2010.09.30 02:35:27.404,9.1525,9.1561,1.00,1.00
2010.09.30 02:35:28.855,9.1525,9.156,1.00,1.00
2010.09.30 02:35:43.523,9.15385,9.15735,1.60,1.00
2010.09.30 02:35:43.731,9.1558,9.1578,1.00,1.00
2010.09.30 02:35:43.942,9.1558,9.16175,1.00,1.00
2010.09.30 02:35:44.063,9.1558,9.1614,1.00,1.00
2010.09.30 02:35:44.800,9.1524,9.1606,1.00,1.00
2010.09.30 02:36:05.048,9.15225,9.1567,1.60,1.00
2010.09.30 02:36:05.154,9.15225,9.1564,1.60,1.00
2010.09.30 02:36:06.300,9.15225,9.1556,1.60,1.00
2010.09.30 02:36:08.840,9.15225,9.1554,1.60,1.00
2010.09.30 02:36:09.547,9.15225,9.1558,2.20,1.00
2010.09.30 02:36:09.895,9.1523,9.1552,1.00,1.00
2010.09.30 02:36:10.242,9.15225,9.1552,1.60,1.00
2010.09.30 02:36:13.503,9.15225,9.1552,1.60,1.00
2010.09.30 02:36:13.765,9.15225,9.155,1.60,1.00
2010.09.30 02:36:14.395,9.15435,9.155,1.00,1.00
2010.09.30 02:36:14.481,9.15435,9.1611,2.20,1.00
2010.09.30 02:36:18.435,9.1551,9.1601,1.00,1.00
2010.09.30 02:36:18.891,9.1552,9.1601,1.00,1.00
2010.09.30 02:36:20.276,9.1553,9.1601,1.00,1.00
2010.09.30 02:37:20.178,9.15475,9.1601,1.60,1.00
2010.09.30 02:47:27.867,9.15555,9.1601,1.60,1.00
2010.09.30 02:47:28.049,9.156,9.16145,1.00,1.00
2010.09.30 02:47:32.497,9.1562,9.16125,1.00,1.00
2010.09.30 02:47:36.011,9.1562,9.16125,1.00,1.00
2010.09.30 02:47:36.222,9.15615,9.16115,1.00,1.00
2010.09.30 02:59:03.681,9.15615,9.1609,1.00,1.00
2010.09.30 02:59:03.743,9.1556,9.16065,1.00,1.00
2010.09.30 02:59:05.963,9.1556,9.1605,1.00,1.00
2010.09.30 02:59:07.790,9.1556,9.1604,1.00,1.00
