2010.09.08 03:00:12.305,9.30975,9.3132,1.00,1.00
2010.09.08 03:00:17.792,9.309,9.313,1.00,1.00
2010.09.08 03:01:12.810,9.309,9.3144,1.00,1.00
2010.09.08 03:05:17.213,9.309,9.31425,1.00,1.00
2010.09.08 03:07:01.167,9.309,9.3142,1.00,1.00
2010.09.08 03:08:36.405,9.309,9.31325,1.00,1.00
2010.09.08 03:09:37.838,9.309,9.3144,1.00,1.00
2010.09.08 03:13:33.413,9.309,9.3135,1.00,1.00
2010.09.08 03:13:33.521,9.309,9.313,1.00,1.00
2010.09.08 03:13:33.773,9.3087,9.313,1.00,1.00
2010.09.08 03:13:33.893,9.3084,9.313,1.00,1.00
2010.09.08 03:13:44.632,9.3084,9.31095,1.00,1.00
2010.09.08 03:13:44.690,9.3057,9.31095,2.40,1.00
2010.09.08 03:13:45.024,9.3052,9.31095,1.00,1.00
2010.09.08 03:13:47.284,9.3056,9.3097,1.00,1.00
2010.09.08 03:13:48.745,9.3056,9.3092,1.00,1.00
2010.09.08 03:13:49.524,9.3056,9.309,1.00,1.00
2010.09.08 03:13:50.719,9.3056,9.3089,1.00,1.00
2010.09.08 03:13:52.662,9.3062,9.3089,1.00,1.00
2010.09.08 03:13:52.844,9.307,9.3089,1.00,1.00
2010.09.08 03:13:55.188,9.307,9.3089,1.00,1.00
2010.09.08 03:13:56.232,9.307,9.3089,1.00,1.00
2010.09.08 03:14:57.189,9.307,9.3109,1.00,1.00
2010.09.08 03:15:12.241,9.307,9.30885,1.00,1.00
2010.09.08 03:15:12.624,9.3055,9.30885,1.00,1.00
2010.09.08 03:15:15.312,9.3058,9.30845,1.00,1.00
2010.09.08 03:15:15.492,9.3058,9.3091,1.00,1.00
2010.09.08 03:15:17.201,9.3062,9.3091,1.00,1.00
2010.09.08 03:15:17.779,9.3066,9.3091,1.00,1.00
2010.09.08 03:15:35.864,9.3064,9.3091,1.00,1.00
2010.09.08 03:15:36.045,9.3064,9.3091,1.00,1.00
2010.09.08 03:15:36.506,9.3064,9.3085,1.00,1.00
2010.09.08 03:15:36.635,9.3066,9.3085,1.00,1.00
2010.09.08 03:15:40.020,9.3064,9.3085,1.00,1.00
2010.09.08 03:15:40.203,9.3066,9.3085,1.00,1.00
2010.09.08 03:15:46.533,9.3064,9.3085,1.00,1.00
2010.09.08 03:15:49.602,9.3066,9.3085,1.00,1.00
2010.09.08 03:15:52.240,9.3064,9.3085,1.00,1.00
2010.09.08 03:15:52.459,9.3066,9.3085,1.00,1.00
2010.09.08 03:15:52.677,9.3064,9.3085,1.00,1.00
2010.09.08 03:15:54.109,9.3066,9.3085,1.00,1.00
2010.09.08 03:15:55.376,9.3064,9.3085,1.00,1.00
2010.09.08 03:15:55.683,9.3066,9.3085,1.00,1.00
2010.09.08 03:16:29.257,9.3064,9.3085,1.00,1.00
2010.09.08 03:16:37.003,9.3064,9.3101,1.00,1.00
2010.09.08 03:17:29.890,9.3057,9.31075,1.00,1.00
2010.09.08 03:17:52.807,9.3066,9.3101,1.00,1.00
2010.09.08 03:17:53.387,9.3064,9.3099,1.00,1.00
2010.09.08 03:17:55.720,9.3066,9.3101,1.00,1.00
2010.09.08 03:17:56.097,9.3064,9.3099,1.00,1.00
2010.09.08 03:17:56.688,9.3066,9.3101,1.00,1.00
2010.09.08 03:18:37.931,9.3068,9.3103,1.00,1.00
2010.09.08 03:18:50.086,9.3066,9.3101,1.00,1.00
2010.09.08 03:19:01.008,9.3068,9.3103,1.00,1.00
2010.09.08 03:19:24.123,9.3066,9.3101,1.00,1.00
2010.09.08 03:19:36.997,9.3068,9.3103,1.00,1.00
2010.09.08 03:20:08.687,9.3066,9.3101,1.00,1.00
2010.09.08 03:20:08.734,9.3068,9.3103,1.00,1.00
2010.09.08 03:20:13.829,9.3066,9.3101,1.00,1.00
2010.09.08 03:21:14.116,9.3057,9.31075,1.00,1.00
2010.09.08 03:21:39.313,9.3066,9.3103,1.00,1.00
2010.09.08 03:22:07.241,9.3066,9.3101,1.00,1.00
2010.09.08 03:22:10.509,9.3068,9.3103,1.00,1.00
2010.09.08 03:22:13.990,9.3066,9.3101,1.00,1.00
2010.09.08 03:22:40.202,9.3068,9.3103,1.00,1.00
2010.09.08 03:22:40.933,9.3066,9.3101,1.00,1.00
2010.09.08 03:22:56.775,9.3068,9.3103,1.00,1.00
2010.09.08 03:22:56.911,9.3066,9.3101,1.00,1.00
2010.09.08 03:23:00.423,9.3068,9.3103,1.00,1.00
2010.09.08 03:23:34.832,9.3072,9.3107,1.00,1.00
2010.09.08 03:23:35.390,9.3072,9.31025,1.00,1.00
2010.09.08 03:23:45.900,9.3068,9.31025,1.00,1.00
2010.09.08 03:23:49.721,9.3072,9.31025,1.00,1.00
2010.09.08 03:23:52.923,9.3068,9.31025,1.00,1.00
2010.09.08 03:24:01.802,9.3072,9.31025,1.00,1.00
2010.09.08 03:24:06.362,9.3068,9.31025,1.00,1.00
2010.09.08 03:24:08.467,9.3072,9.31025,1.00,1.00
2010.09.08 03:24:08.731,9.3068,9.31025,1.00,1.00
2010.09.08 03:24:28.995,9.3072,9.31025,1.00,1.00
2010.09.08 03:24:29.260,9.3072,9.3087,1.00,1.00
2010.09.08 03:24:40.613,9.3068,9.3085,1.00,1.00
2010.09.08 03:24:41.074,9.3072,9.3085,1.00,1.00
2010.09.08 03:24:56.443,9.3068,9.3085,1.00,1.00
2010.09.08 03:25:09.971,9.3072,9.3085,1.00,1.00
2010.09.08 03:25:29.627,9.3072,9.3111,1.00,1.00
2010.09.08 03:26:10.992,9.3055,9.31075,1.00,1.00
2010.09.08 03:26:13.436,9.3066,9.3103,1.00,1.00
2010.09.08 03:26:21.086,9.3068,9.3103,1.00,1.00
2010.09.08 03:27:21.105,9.3055,9.31075,1.00,1.00
2010.09.08 03:27:50.223,9.3066,9.3105,1.00,1.00
2010.09.08 03:27:52.159,9.3072,9.31075,1.00,1.00
2010.09.08 03:27:55.012,9.3058,9.31075,1.00,1.00
2010.09.08 03:27:56.188,9.30665,9.31165,1.00,1.00
2010.09.08 03:27:58.083,9.3067,9.31165,1.00,1.00
2010.09.08 03:28:14.141,9.30665,9.31165,1.00,1.00
2010.09.08 03:28:14.814,9.30665,9.3114,1.00,1.00
2010.09.08 03:28:27.009,9.3067,9.3114,1.00,1.00
2010.09.08 03:28:28.341,9.30665,9.3114,1.00,1.00
2010.09.08 03:29:15.076,9.30665,9.31165,1.00,1.00
2010.09.08 03:29:54.720,9.3067,9.31165,1.00,1.00
2010.09.08 03:29:54.895,9.3067,9.31165,1.00,1.00
2010.09.08 03:30:14.315,9.30665,9.31165,1.00,1.00
2010.09.08 03:30:14.731,9.3067,9.31165,1.00,1.00
2010.09.08 03:30:48.147,9.30665,9.31165,1.00,1.00
2010.09.08 03:30:59.091,9.3067,9.31165,1.00,1.00
2010.09.08 03:31:01.300,9.30665,9.31165,1.00,1.00
2010.09.08 03:31:02.624,9.3067,9.31165,1.00,1.00
2010.09.08 03:31:35.175,9.30665,9.31165,1.00,1.00
2010.09.08 03:31:35.655,9.3067,9.31165,1.00,1.00
2010.09.08 03:31:38.948,9.30665,9.31165,1.00,1.00
2010.09.08 03:31:39.508,9.3067,9.31165,1.00,1.00
2010.09.08 03:31:50.772,9.3075,9.31165,1.00,1.00
2010.09.08 03:31:51.626,9.30835,9.3136,1.00,1.00
2010.09.08 03:32:15.933,9.3085,9.3134,1.00,1.00
2010.09.08 03:32:16.302,9.30835,9.3134,1.00,1.00
2010.09.08 03:32:17.186,9.3085,9.3134,1.00,1.00
2010.09.08 03:32:18.334,9.30835,9.3134,1.00,1.00
2010.09.08 03:33:36.880,9.3079,9.3129,1.00,1.00
2010.09.08 03:33:38.372,9.3079,9.312,1.00,1.00
2010.09.08 03:33:39.226,9.3079,9.3114,1.00,1.00
2010.09.08 03:33:40.187,9.3079,9.3111,1.00,1.00
2010.09.08 03:33:41.706,9.3079,9.311,1.00,1.00
2010.09.08 03:33:42.234,9.3079,9.3109,1.00,1.00
2010.09.08 03:34:11.330,9.30785,9.3107,1.00,1.00
2010.09.08 03:34:12.145,9.30825,9.3107,1.00,1.00
2010.09.08 03:34:20.827,9.30825,9.3109,1.00,1.00
2010.09.08 03:35:12.245,9.3079,9.3109,1.00,1.00
2010.09.08 03:35:16.934,9.30785,9.3107,1.00,1.00
2010.09.08 03:35:17.504,9.30785,9.3107,1.00,1.00
2010.09.08 03:35:27.820,9.3079,9.31075,1.00,1.00
2010.09.08 03:35:29.435,9.30785,9.3107,1.00,1.00
2010.09.08 03:35:31.356,9.3079,9.31075,1.00,1.00
2010.09.08 03:35:42.636,9.30785,9.3107,1.00,1.00
2010.09.08 03:35:58.262,9.3079,9.31075,1.00,1.00
2010.09.08 03:36:02.614,9.3081,9.31075,1.00,1.00
2010.09.08 03:36:18.385,9.3081,9.3111,1.00,1.00
2010.09.08 03:36:36.313,9.3079,9.3109,1.00,1.00
2010.09.08 03:36:40.336,9.3081,9.3111,1.00,1.00
2010.09.08 03:36:42.284,9.3079,9.3109,1.00,1.00
2010.09.08 03:37:15.856,9.3081,9.3111,1.00,1.00
2010.09.08 03:37:35.450,9.3081,9.30995,1.00,1.00
2010.09.08 03:37:35.583,9.30785,9.30995,1.00,1.00
2010.09.08 03:37:35.707,9.3075,9.30995,1.00,1.00
2010.09.08 03:37:37.151,9.3075,9.30975,1.00,1.00
2010.09.08 03:37:38.148,9.3075,9.30975,1.00,1.00
2010.09.08 03:37:39.313,9.3075,9.3095,1.00,1.00
2010.09.08 03:38:39.580,9.3075,9.3107,1.00,1.00
2010.09.08 03:38:39.775,9.3075,9.3099,1.00,1.00
2010.09.08 03:38:43.770,9.3075,9.3097,1.00,1.00
2010.09.08 03:38:54.135,9.3075,9.3097,1.00,1.00
2010.09.08 03:39:10.362,9.3075,9.3097,1.00,1.00
2010.09.08 03:39:10.514,9.3075,9.3097,1.00,1.00
2010.09.08 03:39:10.964,9.3075,9.3097,1.00,1.00
2010.09.08 03:39:15.789,9.3075,9.3097,1.00,1.00
2010.09.08 03:39:16.140,9.3075,9.3097,1.00,1.00
2010.09.08 03:39:16.476,9.3075,9.3097,1.00,1.00
2010.09.08 03:39:38.777,9.3075,9.3097,1.00,1.00
2010.09.08 03:39:39.913,9.3075,9.3103,1.00,1.00
2010.09.08 03:39:42.950,9.3075,9.311,1.00,1.00
2010.09.08 03:39:43.135,9.3075,9.3093,1.00,1.00
2010.09.08 03:39:43.325,9.30735,9.3093,1.00,1.00
2010.09.08 03:39:43.674,9.3072,9.3093,1.00,1.00
2010.09.08 03:39:46.274,9.3066,9.3091,1.00,1.00
2010.09.08 03:39:47.132,9.3066,9.3091,1.00,1.00
2010.09.08 03:40:43.234,9.3066,9.3103,1.00,1.00
2010.09.08 03:40:47.146,9.3059,9.31095,1.00,1.00
2010.09.08 03:40:50.795,9.3064,9.3101,1.00,1.00
2010.09.08 03:41:00.530,9.3066,9.3101,1.00,1.00
2010.09.08 03:41:00.685,9.3066,9.3101,1.00,1.00
2010.09.08 03:41:04.846,9.3064,9.3099,1.00,1.00
2010.09.08 03:41:06.098,9.3066,9.3101,1.00,1.00
2010.09.08 03:41:06.646,9.3064,9.3099,1.00,1.00
2010.09.08 03:41:33.944,9.3066,9.3101,1.00,1.00
2010.09.08 03:41:34.520,9.3066,9.3087,1.00,1.00
2010.09.08 03:41:38.096,9.3064,9.3085,1.00,1.00
2010.09.08 03:41:51.413,9.3062,9.3085,1.00,1.00
2010.09.08 03:41:51.744,9.3064,9.3085,1.00,1.00
2010.09.08 03:42:25.451,9.3062,9.3085,1.00,1.00
2010.09.08 03:42:28.639,9.3064,9.3085,1.00,1.00
2010.09.08 03:42:35.047,9.3064,9.3101,1.00,1.00
2010.09.08 03:42:41.639,9.3062,9.3097,1.00,1.00
2010.09.08 03:42:42.124,9.3062,9.3097,1.00,1.00
2010.09.08 03:43:16.769,9.306,9.3095,1.00,1.00
2010.09.08 03:43:17.067,9.3062,9.3097,1.00,1.00
2010.09.08 03:43:28.889,9.3064,9.3099,1.00,1.00
2010.09.08 03:43:28.927,9.3062,9.3097,1.00,1.00
2010.09.08 03:43:29.029,9.3064,9.3099,1.00,1.00
2010.09.08 03:43:29.775,9.3064,9.3099,1.00,1.00
2010.09.08 03:43:35.000,9.3066,9.3101,1.00,1.00
2010.09.08 03:43:36.779,9.3064,9.3099,1.00,1.00
2010.09.08 03:43:38.899,9.3066,9.3101,1.00,1.00
2010.09.08 03:43:46.057,9.3064,9.3099,1.00,1.00
2010.09.08 03:43:46.299,9.3066,9.3101,1.00,1.00
2010.09.08 03:43:46.608,9.3064,9.3099,1.00,1.00
2010.09.08 03:43:52.827,9.3066,9.3101,1.00,1.00
2010.09.08 03:43:57.159,9.3068,9.3103,1.00,1.00
2010.09.08 03:43:58.453,9.3066,9.3101,1.00,1.00
2010.09.08 03:44:20.118,9.3068,9.3103,1.00,1.00
2010.09.08 03:44:22.246,9.3066,9.3101,1.00,1.00
2010.09.08 03:44:23.094,9.3068,9.3103,1.00,1.00
2010.09.08 03:44:50.142,9.3072,9.3107,1.00,1.00
2010.09.08 03:45:04.409,9.3073,9.31095,1.00,1.00
2010.09.08 03:45:05.814,9.3073,9.31095,1.00,1.00
2010.09.08 03:45:07.822,9.3073,9.31095,1.00,1.00
2010.09.08 03:45:08.159,9.3073,9.31095,1.00,1.00
2010.09.08 03:45:12.634,9.3073,9.31095,1.00,1.00
2010.09.08 03:45:23.136,9.3072,9.3107,1.00,1.00
2010.09.08 03:45:23.482,9.3072,9.31025,1.00,1.00
2010.09.08 03:45:23.954,9.3073,9.31025,1.00,1.00
2010.09.08 03:45:33.702,9.3073,9.31025,1.00,1.00
2010.09.08 03:46:23.573,9.3073,9.31095,1.00,1.00
2010.09.08 03:46:47.172,9.3057,9.31095,1.00,1.00
2010.09.08 03:47:20.055,9.3071,9.31095,1.00,1.00
2010.09.08 03:47:24.895,9.3073,9.31095,1.00,1.00
2010.09.08 03:47:26.631,9.3073,9.31095,1.00,1.00
2010.09.08 03:47:56.983,9.3073,9.31095,1.00,1.00
2010.09.08 03:48:07.957,9.3073,9.31095,1.00,1.00
2010.09.08 03:48:08.298,9.3073,9.31095,1.00,1.00
2010.09.08 03:48:17.788,9.3073,9.31095,1.00,1.00
2010.09.08 03:48:37.613,9.3073,9.31095,1.00,1.00
2010.09.08 03:48:38.364,9.3073,9.31095,1.00,1.00
2010.09.08 03:48:41.598,9.3073,9.31095,1.00,1.00
2010.09.08 03:48:45.611,9.3073,9.31095,1.00,1.00
2010.09.08 03:49:00.712,9.3073,9.31095,1.00,1.00
2010.09.08 03:49:01.054,9.3073,9.31095,1.00,1.00
2010.09.08 03:49:24.475,9.3073,9.31095,1.00,1.00
2010.09.08 03:49:32.114,9.3073,9.31095,1.00,1.00
2010.09.08 03:50:32.619,9.3057,9.31095,1.00,1.00
2010.09.08 03:51:32.847,9.3071,9.31095,1.00,1.00
2010.09.08 03:51:36.885,9.3073,9.31095,1.00,1.00
2010.09.08 03:52:16.315,9.3073,9.31095,1.00,1.00
2010.09.08 03:52:22.688,9.3073,9.31095,1.00,1.00
2010.09.08 03:52:23.922,9.3073,9.31095,1.00,1.00
2010.09.08 03:52:30.195,9.3073,9.31095,1.00,1.00
2010.09.08 03:53:30.480,9.3057,9.31095,1.00,1.00
2010.09.08 03:54:12.463,9.3071,9.31095,1.00,1.00
2010.09.08 03:54:20.790,9.3073,9.31095,1.00,1.00
2010.09.08 03:54:23.975,9.3073,9.31095,1.00,1.00
2010.09.08 03:54:49.876,9.3072,9.3107,1.00,1.00
2010.09.08 03:54:50.477,9.3073,9.31095,1.00,1.00
2010.09.08 03:55:23.422,9.3073,9.31095,1.00,1.00
2010.09.08 03:56:14.513,9.3073,9.31095,1.00,1.00
2010.09.08 03:56:20.405,9.3057,9.3103,1.00,1.00
2010.09.08 03:56:20.505,9.3056,9.3101,1.00,1.00
2010.09.08 03:56:20.992,9.3056,9.30925,1.00,1.00
2010.09.08 03:56:21.011,9.3056,9.3087,1.00,1.60
2010.09.08 03:56:22.723,9.3058,9.3085,1.00,1.60
2010.09.08 03:56:24.897,9.3062,9.3085,1.00,1.60
2010.09.08 03:56:25.429,9.3062,9.3085,1.00,1.60
2010.09.08 03:57:10.445,9.30645,9.3085,1.00,1.60
2010.09.08 03:57:10.725,9.30645,9.30975,1.00,1.00
2010.09.08 03:57:11.181,9.3068,9.30975,1.00,1.00
2010.09.08 03:57:12.310,9.307,9.30955,1.00,1.00
2010.09.08 03:57:13.643,9.3071,9.31025,1.00,1.00
2010.09.08 03:57:14.159,9.3072,9.31025,1.00,1.00
2010.09.08 03:57:57.920,9.3073,9.31025,1.00,1.00
2010.09.08 03:58:03.239,9.3072,9.31025,1.00,1.00
2010.09.08 03:58:08.150,9.3073,9.31025,1.00,1.00
2010.09.08 03:58:12.113,9.3072,9.31025,1.00,1.00
2010.09.08 03:58:13.589,9.3072,9.3106,1.00,1.00
2010.09.08 03:58:30.024,9.3073,9.3106,1.00,1.00
2010.09.08 03:58:30.290,9.3072,9.3106,1.00,1.00
2010.09.08 03:58:35.571,9.3073,9.3106,1.00,1.00
2010.09.08 03:58:36.308,9.3073,9.3089,1.00,1.00
2010.09.08 03:58:42.597,9.3072,9.3085,1.00,1.00
2010.09.08 03:59:36.081,9.3072,9.311,1.00,1.00
2010.09.08 03:59:42.788,9.30535,9.3106,1.00,1.00
