2014.03.19 13:00:03.484,8.82997,8.83111,1.69,1.19
2014.03.19 13:00:03.815,8.82997,8.83117,1.69,1.19
2014.03.19 13:00:05.495,8.82997,8.83117,1.69,1.19
2014.03.19 13:00:06.225,8.82997,8.8311,1.69,1.19
2014.03.19 13:00:07.251,8.82997,8.83076,1.69,1.00
2014.03.19 13:00:07.753,8.82997,8.83076,1.69,1.00
2014.03.19 13:00:10.327,8.82997,8.83076,1.69,1.00
2014.03.19 13:00:12.040,8.82997,8.83076,1.69,1.00
2014.03.19 13:00:14.601,8.82997,8.83076,1.69,1.00
2014.03.19 13:00:16.364,8.82957,8.83076,2.44,1.00
2014.03.19 13:00:18.546,8.82957,8.83076,2.44,1.19
2014.03.19 13:00:28.515,8.82957,8.83076,1.69,1.00
2014.03.19 13:00:35.996,8.82957,8.83047,1.69,1.00
2014.03.19 13:00:40.387,8.82938,8.83047,1.69,1.00
2014.03.19 13:00:40.590,8.8295,8.83047,1.19,1.00
2014.03.19 13:00:41.199,8.8295,8.83077,1.19,1.19
2014.03.19 13:00:43.272,8.82953,8.83077,1.19,1.19
2014.03.19 13:00:49.830,8.82959,8.83077,1.19,1.00
2014.03.19 13:00:53.376,8.82969,8.83077,1.19,1.00
2014.03.19 13:00:57.519,8.82959,8.83077,1.19,1.00
2014.03.19 13:01:00.627,8.82956,8.83077,1.19,1.19
2014.03.19 13:01:06.015,8.82945,8.83077,1.19,1.19
2014.03.19 13:01:11.847,8.82946,8.83077,1.19,1.19
2014.03.19 13:01:13.956,8.82944,8.83077,1.19,1.19
2014.03.19 13:01:19.928,8.82942,8.83077,1.19,1.19
2014.03.19 13:01:21.281,8.82939,8.83077,1.19,1.69
2014.03.19 13:01:21.665,8.82947,8.83077,1.19,1.19
2014.03.19 13:01:30.609,8.82948,8.83077,1.19,1.19
2014.03.19 13:01:32.017,8.82941,8.83077,1.19,1.19
2014.03.19 13:01:34.540,8.82941,8.83077,1.19,1.19
2014.03.19 13:01:35.763,8.82943,8.83077,1.19,1.19
2014.03.19 13:01:39.908,8.82941,8.83077,1.19,1.19
2014.03.19 13:01:41.432,8.82943,8.83092,1.19,1.19
2014.03.19 13:01:45.794,8.82941,8.83088,1.69,1.19
2014.03.19 13:01:49.404,8.8295,8.83099,1.19,1.19
2014.03.19 13:01:55.069,8.82943,8.8309,1.19,1.19
2014.03.19 13:01:58.627,8.82944,8.83091,1.19,1.19
2014.03.19 13:02:00.333,8.82934,8.83078,1.19,1.19
2014.03.19 13:02:01.353,8.82934,8.83068,1.19,1.19
2014.03.19 13:02:02.553,8.8293,8.83077,1.19,1.19
2014.03.19 13:02:07.904,8.82928,8.8306,1.19,1.19
2014.03.19 13:02:08.350,8.82929,8.83078,1.19,1.19
2014.03.19 13:02:08.451,8.82942,8.83092,1.19,1.19
2014.03.19 13:02:09.463,8.82958,8.83098,1.69,1.19
2014.03.19 13:02:11.576,8.82958,8.83094,1.69,1.19
2014.03.19 13:02:14.947,8.82958,8.83094,1.69,1.19
2014.03.19 13:02:15.914,8.82958,8.83084,1.69,1.19
2014.03.19 13:02:18.030,8.82958,8.83083,1.69,1.19
2014.03.19 13:02:18.350,8.82958,8.83067,1.50,1.19
2014.03.19 13:02:21.555,8.82958,8.83091,1.50,1.19
2014.03.19 13:02:22.984,8.82958,8.8309,1.69,1.19
2014.03.19 13:02:23.962,8.82958,8.83091,1.69,1.19
2014.03.19 13:02:27.247,8.82958,8.83073,1.50,1.19
2014.03.19 13:02:28.441,8.82958,8.83079,1.69,1.19
2014.03.19 13:02:31.045,8.82958,8.8309,1.69,1.19
2014.03.19 13:02:33.762,8.82958,8.83074,1.50,1.19
2014.03.19 13:02:34.683,8.82957,8.83074,1.25,1.19
2014.03.19 13:02:34.990,8.82908,8.83037,1.19,1.19
2014.03.19 13:02:36.420,8.82888,8.83026,1.69,1.19
2014.03.19 13:02:36.901,8.82883,8.8301,1.19,1.19
2014.03.19 13:02:37.003,8.82849,8.82996,1.19,1.19
2014.03.19 13:02:37.206,8.82848,8.82976,1.50,1.19
2014.03.19 13:02:37.274,8.82848,8.82966,1.50,1.19
2014.03.19 13:02:37.325,8.82837,8.82966,2.25,1.19
2014.03.19 13:02:37.376,8.82837,8.82941,2.25,1.19
2014.03.19 13:02:37.427,8.82804,8.82941,1.19,1.19
2014.03.19 13:02:37.477,8.82804,8.82925,1.19,1.19
2014.03.19 13:02:39.058,8.82787,8.8295,1.19,1.19
2014.03.19 13:02:40.195,8.82823,8.82952,1.00,1.19
2014.03.19 13:02:40.297,8.82803,8.82952,1.19,1.19
2014.03.19 13:02:40.347,8.82803,8.8295,1.19,1.19
2014.03.19 13:02:41.462,8.82791,8.8294,1.19,1.19
2014.03.19 13:02:41.827,8.82791,8.82908,1.19,1.00
2014.03.19 13:02:41.928,8.82791,8.8292,1.19,1.19
2014.03.19 13:02:41.979,8.82777,8.82918,1.19,1.19
2014.03.19 13:02:42.790,8.82757,8.82888,1.69,1.19
2014.03.19 13:02:43.864,8.82738,8.8288,1.19,1.19
2014.03.19 13:02:44.152,8.82719,8.82866,1.19,1.19
2014.03.19 13:02:49.196,8.82707,8.82856,1.19,1.19
2014.03.19 13:02:51.208,8.82709,8.82858,1.19,1.19
2014.03.19 13:02:53.954,8.82699,8.82846,1.19,1.19
2014.03.19 13:02:54.732,8.82723,8.82853,1.19,1.19
2014.03.19 13:03:04.788,8.82718,8.82858,1.19,1.19
2014.03.19 13:03:07.289,8.82718,8.82785,1.19,2.10
2014.03.19 13:03:07.391,8.82678,8.82785,1.50,2.10
2014.03.19 13:03:07.492,8.82657,8.82772,1.00,1.79
2014.03.19 13:03:07.594,8.82657,8.82758,1.00,1.19
2014.03.19 13:03:07.695,8.8264,8.82783,1.19,1.19
2014.03.19 13:03:07.797,8.82668,8.82814,1.50,1.19
2014.03.19 13:03:07.898,8.82674,8.82838,1.00,1.19
2014.03.19 13:03:09.005,8.82704,8.82838,1.19,1.19
2014.03.19 13:03:09.972,8.82707,8.82838,1.19,1.19
2014.03.19 13:03:10.450,8.8274,8.8287,1.25,1.19
2014.03.19 13:03:10.501,8.82759,8.8287,1.19,1.00
2014.03.19 13:03:10.552,8.82768,8.82894,1.50,1.00
2014.03.19 13:03:10.653,8.82768,8.82918,1.50,1.19
2014.03.19 13:03:11.384,8.82778,8.82918,1.19,1.19
2014.03.19 13:03:13.450,8.82802,8.829,1.00,1.19
2014.03.19 13:03:13.501,8.82744,8.82887,1.19,1.00
2014.03.19 13:03:13.755,8.82733,8.82863,1.19,1.19
2014.03.19 13:03:15.861,8.82712,8.82859,1.19,1.19
2014.03.19 13:03:16.985,8.82723,8.82863,1.19,1.19
2014.03.19 13:03:18.322,8.82723,8.82815,1.19,1.00
2014.03.19 13:03:18.373,8.82688,8.82808,1.69,2.10
2014.03.19 13:03:18.474,8.82688,8.82808,1.50,2.10
2014.03.19 13:03:18.576,8.82644,8.82801,1.19,2.10
2014.03.19 13:03:18.677,8.82627,8.82787,1.19,1.60
2014.03.19 13:03:20.124,8.82663,8.82778,1.00,1.19
2014.03.19 13:03:20.226,8.82695,8.82844,1.19,1.00
2014.03.19 13:03:20.327,8.82721,8.82844,1.19,1.00
2014.03.19 13:03:20.378,8.82721,8.82853,1.19,1.00
2014.03.19 13:03:20.807,8.82751,8.82853,1.00,1.00
2014.03.19 13:03:20.909,8.82751,8.82869,1.00,1.00
2014.03.19 13:03:20.960,8.82768,8.82869,1.50,1.00
2014.03.19 13:03:21.011,8.82768,8.82888,1.50,1.00
2014.03.19 13:03:21.113,8.82768,8.82908,1.50,1.00
2014.03.19 13:03:21.164,8.82768,8.82913,1.50,1.00
2014.03.19 13:03:21.688,8.82784,8.82913,1.19,1.19
2014.03.19 13:03:22.996,8.82795,8.82929,1.19,1.19
2014.03.19 13:03:23.363,8.82795,8.82917,1.19,2.29
2014.03.19 13:03:23.414,8.82768,8.82909,1.69,1.85
2014.03.19 13:03:23.466,8.82768,8.82889,1.69,1.00
2014.03.19 13:03:23.827,8.82758,8.82875,1.19,1.19
2014.03.19 13:03:24.579,8.82746,8.82836,1.19,1.60
2014.03.19 13:03:24.630,8.82738,8.82836,1.00,1.60
2014.03.19 13:03:24.883,8.82738,8.82807,1.00,1.00
2014.03.19 13:03:24.934,8.82673,8.82807,1.19,1.00
2014.03.19 13:03:25.188,8.82673,8.82816,1.19,1.00
2014.03.19 13:03:25.339,8.82673,8.82802,1.19,1.00
2014.03.19 13:03:25.679,8.82673,8.82793,1.19,1.00
2014.03.19 13:03:26.132,8.8265,8.82793,1.19,1.00
2014.03.19 13:03:26.713,8.8265,8.82804,1.19,1.00
2014.03.19 13:03:27.128,8.8265,8.82802,1.19,1.00
2014.03.19 13:03:27.433,8.8266,8.82804,1.19,1.19
2014.03.19 13:03:28.467,8.82649,8.82796,1.19,1.19
2014.03.19 13:03:35.890,8.82643,8.82781,1.19,1.79
2014.03.19 13:03:45.973,8.82633,8.82763,1.19,1.19
2014.03.19 13:03:47.382,8.82624,8.82763,1.19,1.19
2014.03.19 13:03:51.079,8.82695,8.82771,1.00,1.19
2014.03.19 13:03:51.131,8.82728,8.82778,1.50,1.00
2014.03.19 13:03:51.234,8.82759,8.82833,1.19,1.50
2014.03.19 13:03:51.336,8.82759,8.8286,1.19,1.00
2014.03.19 13:03:51.488,8.82759,8.82886,1.19,1.00
2014.03.19 13:03:52.289,8.82759,8.82897,1.19,1.19
2014.03.19 13:03:52.704,8.82759,8.82888,1.19,1.00
2014.03.19 13:03:53.276,8.82764,8.82888,1.19,1.19
2014.03.19 13:03:56.378,8.82763,8.82888,1.19,1.19
2014.03.19 13:04:01.297,8.82763,8.82888,1.19,1.19
2014.03.19 13:04:07.861,8.82763,8.82895,1.19,1.19
2014.03.19 13:04:08.622,8.82787,8.82895,1.00,1.19
2014.03.19 13:04:08.673,8.82787,8.8292,1.19,1.69
2014.03.19 13:04:09.906,8.82787,8.8291,1.19,1.19
2014.03.19 13:04:14.791,8.82787,8.82911,1.19,1.19
2014.03.19 13:04:18.736,8.82787,8.82921,1.19,1.19
2014.03.19 13:04:25.340,8.82787,8.82921,1.19,1.69
2014.03.19 13:04:28.696,8.82787,8.82915,1.19,1.19
2014.03.19 13:04:35.378,8.82803,8.82915,1.09,1.19
2014.03.19 13:04:35.769,8.82787,8.82918,1.19,1.19
2014.03.19 13:04:40.688,8.82793,8.82932,1.19,1.19
2014.03.19 13:04:42.218,8.82813,8.82941,1.19,1.19
2014.03.19 13:04:46.416,8.82813,8.82941,1.19,1.19
2014.03.19 13:04:48.161,8.82813,8.82942,1.19,1.19
2014.03.19 13:04:50.746,8.82813,8.82944,1.19,1.19
2014.03.19 13:04:53.199,8.82813,8.82951,1.19,1.19
2014.03.19 13:04:54.393,8.8282,8.8296,1.19,1.19
2014.03.19 13:04:56.626,8.82847,8.82977,1.19,1.19
2014.03.19 13:04:57.218,8.82856,8.82977,1.19,1.19
2014.03.19 13:04:59.239,8.82869,8.8299,1.19,1.19
2014.03.19 13:05:00.577,8.82869,8.82981,1.19,1.50
2014.03.19 13:05:00.679,8.82848,8.82947,1.00,1.00
2014.03.19 13:05:00.780,8.82848,8.8293,1.19,1.00
2014.03.19 13:05:00.984,8.8285,8.82951,1.19,1.00
2014.03.19 13:05:01.035,8.8285,8.8297,1.19,1.00
2014.03.19 13:05:01.086,8.82868,8.8299,1.19,1.19
2014.03.19 13:05:06.179,8.8284,8.8299,1.19,1.19
2014.03.19 13:05:16.274,8.82851,8.82989,1.19,1.19
2014.03.19 13:05:19.678,8.82843,8.82987,1.19,1.19
2014.03.19 13:05:26.454,8.82843,8.82978,1.19,1.19
2014.03.19 13:05:27.765,8.82843,8.82978,1.19,1.19
2014.03.19 13:05:29.675,8.82843,8.82978,1.19,1.69
2014.03.19 13:05:30.883,8.82843,8.82978,1.19,1.19
2014.03.19 13:05:32.384,8.82843,8.82978,1.19,1.19
2014.03.19 13:05:38.374,8.82849,8.82969,1.19,1.00
2014.03.19 13:05:38.476,8.82849,8.82978,1.19,1.19
2014.03.19 13:05:39.368,8.82852,8.82978,1.19,1.19
2014.03.19 13:05:40.878,8.82862,8.82978,1.19,1.00
2014.03.19 13:05:42.862,8.82862,8.82987,1.19,1.19
2014.03.19 13:05:43.608,8.82862,8.82977,1.19,1.00
2014.03.19 13:05:43.940,8.82862,8.82987,1.19,1.19
2014.03.19 13:05:45.817,8.82862,8.82977,1.19,1.00
2014.03.19 13:05:46.408,8.8286,8.82977,1.19,1.00
2014.03.19 13:05:48.656,8.82862,8.82977,1.19,1.00
2014.03.19 13:05:50.497,8.82862,8.82987,1.19,1.19
2014.03.19 13:05:50.650,8.82897,8.82997,1.00,1.00
2014.03.19 13:05:50.701,8.82916,8.8302,1.00,1.00
2014.03.19 13:05:50.802,8.82956,8.83072,1.00,1.19
2014.03.19 13:05:50.959,8.82963,8.8309,1.19,1.19
2014.03.19 13:05:52.439,8.82956,8.83099,1.19,1.19
2014.03.19 13:06:10.810,8.82962,8.83098,1.19,1.19
2014.03.19 13:06:19.826,8.82962,8.83045,1.19,1.00
2014.03.19 13:06:19.877,8.82962,8.83045,1.00,1.00
2014.03.19 13:06:19.928,8.82962,8.83045,1.00,1.60
2014.03.19 13:06:20.030,8.82927,8.83038,1.50,1.79
2014.03.19 13:06:20.081,8.82887,8.83021,2.54,1.19
2014.03.19 13:06:20.132,8.82888,8.83021,1.69,1.19
2014.03.19 13:06:20.284,8.82856,8.83005,1.19,1.19
2014.03.19 13:06:21.497,8.82856,8.83001,1.19,1.19
2014.03.19 13:06:26.457,8.82868,8.83001,1.19,1.19
2014.03.19 13:06:28.186,8.82868,8.83001,1.19,1.19
2014.03.19 13:06:30.220,8.8288,8.83014,1.19,1.19
2014.03.19 13:06:30.578,8.82882,8.83022,1.19,1.19
2014.03.19 13:06:31.705,8.829,8.83022,1.19,1.19
2014.03.19 13:06:32.914,8.82917,8.83046,1.79,1.19
2014.03.19 13:06:33.016,8.82949,8.83062,1.19,1.50
2014.03.19 13:06:33.067,8.82949,8.8309,1.19,1.19
2014.03.19 13:06:33.219,8.82983,8.83099,1.19,1.00
2014.03.19 13:06:33.270,8.82983,8.83112,1.19,1.00
2014.03.19 13:06:33.321,8.83002,8.83112,1.19,1.00
2014.03.19 13:06:33.584,8.83002,8.83125,1.19,1.00
2014.03.19 13:06:33.736,8.83017,8.83125,1.19,1.00
2014.03.19 13:06:34.272,8.83017,8.83126,1.19,1.00
2014.03.19 13:06:35.116,8.83008,8.83126,1.19,1.00
2014.03.19 13:06:35.315,8.83008,8.83123,1.19,1.00
2014.03.19 13:06:43.384,8.82976,8.83123,1.19,1.00
2014.03.19 13:06:43.486,8.8299,8.83123,1.19,1.25
2014.03.19 13:06:44.488,8.82999,8.83123,1.19,1.25
2014.03.19 13:06:45.504,8.83001,8.83123,1.19,1.19
2014.03.19 13:06:46.297,8.83016,8.83123,1.19,1.00
2014.03.19 13:06:47.500,8.83017,8.83123,1.19,1.00
2014.03.19 13:06:48.755,8.83018,8.83123,1.19,1.00
2014.03.19 13:06:56.348,8.83024,8.83123,1.19,1.00
2014.03.19 13:07:06.323,8.83021,8.83123,1.19,1.00
2014.03.19 13:07:16.308,8.83021,8.83123,1.19,1.00
2014.03.19 13:07:26.370,8.83025,8.83123,1.19,1.00
2014.03.19 13:07:30.379,8.83015,8.83123,1.19,1.00
2014.03.19 13:07:33.192,8.82993,8.83123,1.19,1.00
2014.03.19 13:07:34.656,8.82994,8.83123,1.19,1.19
2014.03.19 13:07:35.151,8.83011,8.83123,1.19,1.00
2014.03.19 13:07:35.883,8.83011,8.83142,1.19,1.69
2014.03.19 13:07:37.559,8.83012,8.83142,1.19,1.19
2014.03.19 13:07:39.187,8.8298,8.83142,1.19,1.19
2014.03.19 13:07:39.289,8.82997,8.83142,1.19,1.19
2014.03.19 13:07:40.612,8.83,8.83132,1.19,1.19
2014.03.19 13:07:47.448,8.83021,8.83143,1.19,1.19
2014.03.19 13:07:49.755,8.83028,8.83148,1.19,1.25
2014.03.19 13:07:50.061,8.83058,8.83174,1.19,1.00
2014.03.19 13:07:50.263,8.83067,8.83205,1.19,1.19
2014.03.19 13:07:54.065,8.83078,8.83193,1.19,1.00
2014.03.19 13:07:56.215,8.83046,8.83185,1.19,1.00
2014.03.19 13:07:56.317,8.8305,8.83193,1.19,1.69
2014.03.19 13:07:59.207,8.83045,8.83186,1.19,1.19
2014.03.19 13:08:00.407,8.8302,8.83169,1.19,1.19
2014.03.19 13:08:00.757,8.8302,8.83137,1.19,1.00
2014.03.19 13:08:03.679,8.83033,8.83137,1.19,1.00
2014.03.19 13:08:03.832,8.83066,8.83193,1.19,1.69
2014.03.19 13:08:03.996,8.83078,8.83225,1.19,1.19
2014.03.19 13:08:04.314,8.83094,8.83231,1.19,1.19
2014.03.19 13:08:05.734,8.83102,8.83243,1.19,2.44
2014.03.19 13:08:09.204,8.83105,8.83223,1.19,1.00
2014.03.19 13:08:15.719,8.83106,8.83223,1.19,1.00
2014.03.19 13:08:21.680,8.83096,8.83223,1.19,1.19
2014.03.19 13:08:22.211,8.83096,8.83202,1.19,1.00
2014.03.19 13:08:24.825,8.83109,8.83202,1.19,1.00
2014.03.19 13:08:26.270,8.83128,8.83243,1.19,1.69
2014.03.19 13:08:26.525,8.83128,8.83243,1.00,1.19
2014.03.19 13:08:29.158,8.83103,8.83243,1.19,1.19
2014.03.19 13:08:36.533,8.83104,8.83243,1.19,1.19
2014.03.19 13:08:40.177,8.83103,8.83245,1.19,1.19
2014.03.19 13:08:40.279,8.83131,8.83245,1.00,1.19
2014.03.19 13:08:40.498,8.83131,8.83269,1.19,1.19
2014.03.19 13:08:47.044,8.83134,8.83276,1.19,1.19
2014.03.19 13:08:47.283,8.83134,8.83262,1.19,1.00
2014.03.19 13:08:47.408,8.83124,8.83262,1.19,1.19
2014.03.19 13:08:48.759,8.83124,8.83262,1.19,1.19
2014.03.19 13:08:49.726,8.83124,8.83262,1.19,1.19
2014.03.19 13:08:50.731,8.83124,8.83262,1.19,1.69
2014.03.19 13:08:50.832,8.83129,8.83262,1.19,1.19
2014.03.19 13:08:52.377,8.83124,8.83262,1.69,1.19
2014.03.19 13:08:53.800,8.83124,8.83262,1.19,1.19
2014.03.19 13:08:56.555,8.83124,8.83262,1.19,1.19
2014.03.19 13:08:59.434,8.83133,8.83262,1.19,1.00
2014.03.19 13:09:00.640,8.83138,8.83262,1.19,1.00
2014.03.19 13:09:02.756,8.83131,8.83262,1.19,1.19
2014.03.19 13:09:06.103,8.83145,8.83262,1.19,1.00
2014.03.19 13:09:07.195,8.83145,8.83272,1.19,1.19
2014.03.19 13:09:11.843,8.83145,8.83262,1.19,1.00
2014.03.19 13:09:11.894,8.83124,8.83262,1.19,1.19
2014.03.19 13:09:13.767,8.83124,8.83262,1.69,1.19
2014.03.19 13:09:14.775,8.83124,8.83262,1.19,1.19
2014.03.19 13:09:18.401,8.83124,8.83261,1.19,1.19
2014.03.19 13:09:21.801,8.83126,8.83262,1.19,1.19
2014.03.19 13:09:23.278,8.83124,8.83262,1.19,1.19
2014.03.19 13:09:31.428,8.83124,8.83262,1.19,1.69
2014.03.19 13:09:32.615,8.83124,8.83262,1.19,1.19
2014.03.19 13:09:35.701,8.83126,8.83262,1.19,1.19
2014.03.19 13:09:38.710,8.83128,8.83262,1.19,1.19
2014.03.19 13:09:41.747,8.83124,8.83252,1.19,1.19
2014.03.19 13:09:42.815,8.83124,8.83255,1.19,1.19
2014.03.19 13:09:43.818,8.83124,8.83253,1.19,1.19
2014.03.19 13:09:46.442,8.83124,8.83261,1.19,1.19
2014.03.19 13:09:49.433,8.83124,8.83273,1.19,1.69
2014.03.19 13:09:50.671,8.83112,8.83261,1.19,1.19
2014.03.19 13:09:57.769,8.8313,8.83273,1.19,1.19
2014.03.19 13:09:58.878,8.83129,8.83273,1.19,1.19
2014.03.19 13:10:01.141,8.83109,8.83243,1.19,1.19
2014.03.19 13:10:02.332,8.83109,8.83247,1.19,1.19
2014.03.19 13:10:02.787,8.83109,8.83233,1.19,1.19
2014.03.19 13:10:04.857,8.83109,8.83232,1.19,1.19
2014.03.19 13:10:06.576,8.83109,8.83245,1.19,1.19
2014.03.19 13:10:07.581,8.83109,8.83252,1.19,1.19
2014.03.19 13:10:09.369,8.83127,8.83273,1.19,1.19
2014.03.19 13:10:11.165,8.83115,8.83271,1.19,1.19
2014.03.19 13:10:12.868,8.83118,8.83268,1.19,1.19
2014.03.19 13:10:13.872,8.83119,8.83268,1.19,1.19
2014.03.19 13:10:14.885,8.83109,8.83251,1.19,1.19
2014.03.19 13:10:15.881,8.83109,8.8325,1.19,1.19
2014.03.19 13:10:16.094,8.83118,8.83268,1.19,1.19
2014.03.19 13:10:17.894,8.8312,8.83267,1.19,1.19
2014.03.19 13:10:21.014,8.83133,8.83273,1.19,1.19
2014.03.19 13:10:24.965,8.83138,8.83273,1.19,1.69
2014.03.19 13:10:26.610,8.83129,8.83274,1.19,1.19
2014.03.19 13:10:30.206,8.83138,8.83274,1.19,1.19
2014.03.19 13:10:32.468,8.83174,8.83285,1.19,1.00
2014.03.19 13:10:36.572,8.83162,8.83285,1.19,1.19
2014.03.19 13:10:40.186,8.83177,8.83285,1.19,1.00
2014.03.19 13:10:42.023,8.83178,8.83285,1.19,1.00
2014.03.19 13:10:50.254,8.83179,8.83285,1.19,1.00
2014.03.19 13:10:50.446,8.8312,8.83253,1.00,1.19
2014.03.19 13:10:50.739,8.83119,8.83262,1.19,1.19
2014.03.19 13:10:51.565,8.83129,8.83263,1.19,1.69
2014.03.19 13:10:53.992,8.83138,8.83273,1.19,1.69
2014.03.19 13:10:55.025,8.83148,8.83273,1.19,1.69
2014.03.19 13:10:56.133,8.83149,8.83273,1.79,1.50
2014.03.19 13:10:56.235,8.83213,8.83273,1.19,1.50
2014.03.19 13:10:56.286,8.83213,8.83339,1.19,1.19
2014.03.19 13:10:56.489,8.83234,8.83363,1.00,1.19
2014.03.19 13:10:56.792,8.8331,8.83429,1.00,1.19
2014.03.19 13:10:57.045,8.83273,8.83382,1.00,1.50
2014.03.19 13:10:57.248,8.83259,8.83382,1.25,1.50
2014.03.19 13:10:57.351,8.83259,8.83379,1.00,1.19
2014.03.19 13:10:57.452,8.83274,8.83382,1.00,1.69
2014.03.19 13:10:57.554,8.83274,8.83419,1.19,1.19
2014.03.19 13:10:59.027,8.83282,8.83418,1.19,1.19
2014.03.19 13:11:02.775,8.83292,8.83431,1.19,1.19
2014.03.19 13:11:03.602,8.83284,8.8334,1.19,1.00
2014.03.19 13:11:03.653,8.83233,8.8334,1.69,1.00
2014.03.19 13:11:03.755,8.83214,8.8334,1.00,1.00
2014.03.19 13:11:03.806,8.83214,8.83332,1.00,1.50
2014.03.19 13:11:03.857,8.83195,8.83332,1.79,1.50
2014.03.19 13:11:03.908,8.83208,8.83359,2.29,1.00
2014.03.19 13:11:03.959,8.83218,8.83384,1.19,1.19
2014.03.19 13:11:04.263,8.83268,8.83403,1.00,1.19
2014.03.19 13:11:04.567,8.83277,8.83415,1.19,1.19
2014.03.19 13:11:05.192,8.83288,8.83415,1.00,1.19
2014.03.19 13:11:05.294,8.83296,8.83432,1.00,1.69
2014.03.19 13:11:06.655,8.83296,8.8338,1.00,1.00
2014.03.19 13:11:06.808,8.83263,8.83373,1.00,1.50
2014.03.19 13:11:06.909,8.83257,8.83373,1.50,1.50
2014.03.19 13:11:06.960,8.83233,8.83373,1.19,1.50
2014.03.19 13:11:07.668,8.83222,8.83373,1.79,1.69
2014.03.19 13:11:07.973,8.83291,8.83409,1.00,1.19
2014.03.19 13:11:08.916,8.83291,8.83415,1.19,1.19
2014.03.19 13:11:09.828,8.833,8.83415,1.00,1.19
2014.03.19 13:11:11.225,8.83309,8.83432,1.19,1.69
2014.03.19 13:11:11.934,8.83318,8.83432,1.19,1.50
2014.03.19 13:11:21.919,8.83321,8.83432,1.19,1.50
2014.03.19 13:11:24.180,8.8333,8.83432,1.19,1.50
2014.03.19 13:11:24.282,8.83321,8.83432,1.19,1.50
2014.03.19 13:11:26.105,8.83321,8.83432,1.19,1.50
2014.03.19 13:11:34.146,8.83321,8.83432,1.19,1.69
2014.03.19 13:11:43.145,8.83324,8.83432,1.19,1.50
2014.03.19 13:11:43.246,8.83324,8.83432,1.00,1.50
2014.03.19 13:11:43.297,8.83336,8.83432,1.00,1.50
2014.03.19 13:11:43.398,8.83336,8.83443,1.00,1.19
2014.03.19 13:11:44.091,8.83338,8.83452,1.00,1.34
2014.03.19 13:11:44.193,8.83325,8.83452,1.00,1.19
2014.03.19 13:11:44.244,8.83315,8.83449,1.19,1.19
2014.03.19 13:11:46.191,8.83328,8.83442,1.00,1.19
2014.03.19 13:11:54.187,8.83328,8.83442,1.00,1.19
2014.03.19 13:12:00.005,8.83328,8.83442,1.00,1.34
2014.03.19 13:12:00.209,8.83318,8.83442,1.00,1.34
2014.03.19 13:12:00.311,8.83318,8.83431,1.00,1.19
2014.03.19 13:12:00.650,8.83318,8.83421,1.00,1.19
2014.03.19 13:12:06.621,8.83318,8.83423,1.00,1.19
2014.03.19 13:12:06.739,8.83308,8.83423,1.19,1.19
2014.03.19 13:12:10.579,8.83297,8.83428,1.19,1.19
2014.03.19 13:12:11.884,8.83297,8.8342,1.19,1.19
2014.03.19 13:12:17.664,8.83297,8.83407,1.25,1.19
2014.03.19 13:12:18.737,8.83297,8.83407,1.19,1.19
2014.03.19 13:12:30.105,8.83297,8.83401,1.00,1.19
2014.03.19 13:12:36.652,8.83297,8.834,1.00,1.19
2014.03.19 13:12:40.856,8.83297,8.83387,1.00,1.19
2014.03.19 13:12:44.192,8.83281,8.83387,1.25,1.19
2014.03.19 13:12:45.495,8.83272,8.83401,1.54,1.19
2014.03.19 13:12:50.957,8.83272,8.834,1.54,1.19
2014.03.19 13:12:58.305,8.83297,8.834,1.00,1.19
2014.03.19 13:13:06.713,8.83297,8.83412,1.19,1.19
2014.03.19 13:13:14.278,8.83297,8.83413,1.19,1.19
2014.03.19 13:13:16.791,8.83287,8.83414,1.19,1.19
2014.03.19 13:13:26.660,8.83291,8.83415,1.19,1.19
2014.03.19 13:13:31.286,8.83291,8.83419,1.19,1.19
2014.03.19 13:13:32.498,8.83291,8.83429,1.19,1.19
2014.03.19 13:13:34.621,8.83308,8.83418,1.00,1.19
2014.03.19 13:13:34.723,8.8329,8.83418,1.00,1.19
2014.03.19 13:13:40.745,8.83289,8.83418,1.00,1.34
2014.03.19 13:13:40.796,8.83289,8.83418,1.00,1.93
2014.03.19 13:13:41.101,8.83299,8.83404,1.00,1.34
2014.03.19 13:13:41.256,8.8329,8.83404,1.00,1.34
2014.03.19 13:13:41.891,8.83282,8.83404,1.00,1.34
2014.03.19 13:13:42.870,8.83272,8.83404,1.60,1.34
2014.03.19 13:13:46.670,8.83272,8.83391,1.60,1.19
2014.03.19 13:13:47.015,8.83285,8.83403,1.19,1.19
2014.03.19 13:13:49.170,8.83294,8.83403,1.00,1.19
2014.03.19 13:13:49.380,8.83284,8.83441,1.69,1.19
2014.03.19 13:13:50.400,8.83291,8.83442,1.19,1.19
2014.03.19 13:13:50.709,8.83284,8.83415,1.19,1.19
2014.03.19 13:13:51.712,8.83284,8.83424,1.19,1.19
2014.03.19 13:13:56.621,8.83293,8.83412,1.19,1.19
2014.03.19 13:13:58.261,8.8328,8.83398,1.25,1.19
2014.03.19 13:13:59.340,8.8328,8.83391,1.25,1.19
2014.03.19 13:14:01.366,8.8328,8.83391,1.19,1.19
2014.03.19 13:14:02.579,8.8328,8.83408,1.19,1.19
2014.03.19 13:14:10.944,8.8328,8.83406,1.19,1.19
2014.03.19 13:14:14.711,8.83275,8.83389,1.19,1.19
2014.03.19 13:14:15.706,8.83275,8.83396,1.19,1.19
2014.03.19 13:14:16.851,8.83284,8.83396,1.00,1.19
2014.03.19 13:14:18.223,8.83275,8.83396,1.19,1.19
2014.03.19 13:14:19.083,8.83284,8.83396,1.00,1.19
2014.03.19 13:14:19.325,8.83284,8.83399,1.19,1.19
2014.03.19 13:14:20.437,8.83274,8.83413,1.19,1.19
2014.03.19 13:14:24.866,8.83278,8.834,1.19,1.19
2014.03.19 13:14:26.657,8.83278,8.83401,1.19,1.19
2014.03.19 13:14:30.482,8.83289,8.83394,1.00,1.19
2014.03.19 13:14:31.068,8.8328,8.83394,1.19,1.19
2014.03.19 13:14:32.485,8.8328,8.83407,1.19,1.19
2014.03.19 13:14:34.197,8.8328,8.83404,1.19,1.19
2014.03.19 13:14:36.565,8.8328,8.83408,1.19,1.19
2014.03.19 13:14:42.447,8.83289,8.83409,1.19,1.19
2014.03.19 13:14:43.279,8.83327,8.83409,2.10,1.19
2014.03.19 13:14:43.482,8.83327,8.83445,2.10,1.19
2014.03.19 13:14:43.584,8.83327,8.83457,2.29,1.19
2014.03.19 13:14:44.454,8.8333,8.83458,1.79,1.19
2014.03.19 13:14:45.062,8.83353,8.83458,1.00,1.19
2014.03.19 13:14:45.680,8.83353,8.83462,1.00,1.19
2014.03.19 13:14:50.104,8.83353,8.83464,1.00,1.19
2014.03.19 13:14:51.962,8.83353,8.83468,1.00,1.19
2014.03.19 13:14:53.475,8.83353,8.83459,1.00,1.19
2014.03.19 13:14:56.697,8.83353,8.83458,1.00,1.19
2014.03.19 13:14:58.339,8.83353,8.83467,1.00,1.19
2014.03.19 13:14:59.725,8.83353,8.83457,1.00,1.19
2014.03.19 13:15:00.031,8.83317,8.83457,1.69,1.19
2014.03.19 13:15:00.082,8.83317,8.83416,1.50,1.19
2014.03.19 13:15:00.185,8.83304,8.83416,1.00,1.19
2014.03.19 13:15:00.286,8.83292,8.83416,1.19,1.19
2014.03.19 13:15:01.761,8.83299,8.83421,1.19,1.19
2014.03.19 13:15:03.091,8.83289,8.83417,1.19,1.19
2014.03.19 13:15:04.217,8.83289,8.83419,1.19,1.19
2014.03.19 13:15:04.781,8.83322,8.83419,2.10,1.19
2014.03.19 13:15:04.984,8.83322,8.8344,2.10,1.19
2014.03.19 13:15:05.137,8.83325,8.8344,1.00,1.19
2014.03.19 13:15:05.340,8.83286,8.8342,1.19,1.19
2014.03.19 13:15:06.708,8.83284,8.8343,1.19,1.19
2014.03.19 13:15:07.822,8.83302,8.8343,2.29,1.19
2014.03.19 13:15:08.035,8.83302,8.83443,2.29,1.19
2014.03.19 13:15:08.254,8.8331,8.83443,1.79,1.19
2014.03.19 13:15:09.353,8.83329,8.83443,1.19,1.19
2014.03.19 13:15:11.516,8.83329,8.83442,1.19,1.19
2014.03.19 13:15:20.832,8.83329,8.83433,1.19,1.19
2014.03.19 13:15:27.754,8.83329,8.83443,1.19,1.19
2014.03.19 13:15:31.482,8.8331,8.83443,1.79,1.19
2014.03.19 13:15:36.214,8.83309,8.83443,1.79,1.19
2014.03.19 13:15:37.249,8.83307,8.83443,2.29,1.19
2014.03.19 13:15:40.980,8.8331,8.83443,1.79,1.19
2014.03.19 13:15:42.194,8.83311,8.83443,1.79,1.19
2014.03.19 13:15:43.602,8.8331,8.83443,1.79,1.19
2014.03.19 13:15:45.716,8.83311,8.83443,1.79,1.19
2014.03.19 13:15:48.309,8.83307,8.83443,1.79,1.19
2014.03.19 13:15:50.390,8.83307,8.83437,1.19,1.19
2014.03.19 13:15:52.431,8.83328,8.83423,2.29,1.00
2014.03.19 13:15:52.532,8.83328,8.83461,2.29,1.19
2014.03.19 13:15:56.724,8.83337,8.8348,1.79,1.19
2014.03.19 13:15:58.429,8.83337,8.8348,1.79,1.19
2014.03.19 13:15:59.552,8.83332,8.83474,1.79,1.19
2014.03.19 13:16:10.941,8.83332,8.83464,1.79,1.19
2014.03.19 13:16:11.331,8.83332,8.8344,1.60,1.19
2014.03.19 13:16:12.285,8.83332,8.8346,1.79,1.19
2014.03.19 13:16:13.658,8.83332,8.8346,1.79,1.19
2014.03.19 13:16:14.868,8.83332,8.83465,1.79,1.19
2014.03.19 13:16:19.112,8.83339,8.8346,1.79,1.19
2014.03.19 13:16:20.159,8.83339,8.83446,1.60,1.19
2014.03.19 13:16:24.266,8.83345,8.83453,1.05,1.19
2014.03.19 13:16:30.591,8.83339,8.83444,1.60,1.19
2014.03.19 13:16:33.574,8.83339,8.83442,1.60,1.19
2014.03.19 13:16:39.524,8.83336,8.83445,1.85,1.19
2014.03.19 13:16:44.118,8.83336,8.83444,1.60,1.19
2014.03.19 13:16:46.741,8.83336,8.83448,1.79,1.19
2014.03.19 13:17:00.882,8.83336,8.8345,1.79,1.19
2014.03.19 13:17:03.886,8.83336,8.83449,1.79,1.19
2014.03.19 13:17:07.452,8.83336,8.83443,1.60,1.19
2014.03.19 13:17:09.746,8.83345,8.83457,1.05,1.19
2014.03.19 13:17:15.276,8.83336,8.83459,1.79,1.19
2014.03.19 13:17:16.692,8.83341,8.83479,1.79,1.19
2014.03.19 13:17:18.712,8.83341,8.83483,1.79,1.19
2014.03.19 13:17:20.952,8.83341,8.83478,1.79,1.19
2014.03.19 13:17:21.550,8.83341,8.83455,1.79,1.19
2014.03.19 13:17:22.824,8.83341,8.83455,1.79,1.19
2014.03.19 13:17:24.039,8.83341,8.83456,1.79,1.19
2014.03.19 13:17:24.556,8.83378,8.83456,2.10,1.19
2014.03.19 13:17:24.658,8.83378,8.83505,2.10,1.69
2014.03.19 13:17:24.759,8.83384,8.83522,1.79,1.19
2014.03.19 13:17:25.050,8.83399,8.83548,1.19,1.19
2014.03.19 13:17:32.963,8.83388,8.83542,1.19,1.19
2014.03.19 13:17:33.116,8.83381,8.83522,1.19,1.19
2014.03.19 13:17:34.179,8.83381,8.83492,1.19,1.00
2014.03.19 13:17:34.362,8.83372,8.83492,1.19,1.00
2014.03.19 13:17:36.499,8.83383,8.83492,1.19,1.00
2014.03.19 13:17:38.290,8.83381,8.83492,1.19,1.00
2014.03.19 13:17:41.712,8.83398,8.83492,1.19,1.00
2014.03.19 13:17:46.741,8.83394,8.83492,1.19,1.00
2014.03.19 13:17:50.201,8.83405,8.83531,1.19,1.19
2014.03.19 13:17:53.627,8.83398,8.83542,1.19,1.69
2014.03.19 13:17:53.730,8.83393,8.83531,1.19,1.19
2014.03.19 13:17:54.799,8.83381,8.83492,1.19,1.00
2014.03.19 13:17:55.439,8.83381,8.83492,1.19,1.00
2014.03.19 13:17:56.759,8.83396,8.83492,1.19,1.00
2014.03.19 13:17:56.911,8.83396,8.83517,1.79,1.19
2014.03.19 13:17:56.962,8.83398,8.83517,1.19,1.19
2014.03.19 13:17:57.344,8.83414,8.83558,1.19,1.19
2014.03.19 13:17:59.776,8.83426,8.83542,1.19,1.00
2014.03.19 13:18:06.769,8.83422,8.83542,1.19,1.19
2014.03.19 13:18:08.616,8.83423,8.83542,1.19,1.00
2014.03.19 13:18:10.081,8.83405,8.83542,1.19,1.19
2014.03.19 13:18:11.762,8.83392,8.83539,1.54,1.19
2014.03.19 13:18:16.711,8.83388,8.83525,1.19,1.19
2014.03.19 13:18:23.715,8.83388,8.83525,1.19,1.19
2014.03.19 13:18:29.133,8.83388,8.83513,1.19,1.19
2014.03.19 13:18:32.107,8.83427,8.83513,2.10,1.19
2014.03.19 13:18:32.209,8.83427,8.83542,2.29,1.19
2014.03.19 13:18:32.311,8.83433,8.83582,1.79,1.69
2014.03.19 13:18:32.724,8.83442,8.83552,1.00,1.00
2014.03.19 13:18:32.775,8.83415,8.83552,1.79,1.00
2014.03.19 13:18:32.826,8.83415,8.83552,3.04,1.19
2014.03.19 13:18:33.215,8.83435,8.83552,1.19,1.00
2014.03.19 13:18:33.521,8.83406,8.83549,1.19,1.19
2014.03.19 13:18:36.722,8.83398,8.83536,1.19,1.19
2014.03.19 13:18:39.249,8.83398,8.83526,1.19,1.19
2014.03.19 13:18:40.678,8.83398,8.83535,1.19,1.19
2014.03.19 13:18:45.381,8.83399,8.83542,1.19,1.19
2014.03.19 13:18:59.173,8.83401,8.83537,1.19,1.19
2014.03.19 13:19:10.203,8.83398,8.83533,1.19,1.19
2014.03.19 13:19:13.331,8.83437,8.83533,2.10,1.19
2014.03.19 13:19:13.433,8.83437,8.83552,2.10,1.00
2014.03.19 13:19:13.535,8.83447,8.83591,2.29,1.19
2014.03.19 13:19:13.738,8.83465,8.83603,1.19,1.19
2014.03.19 13:19:16.734,8.83464,8.83611,1.19,1.19
2014.03.19 13:19:18.476,8.83465,8.83613,1.19,1.19
2014.03.19 13:19:18.629,8.83465,8.83571,1.19,1.00
2014.03.19 13:19:18.782,8.83446,8.8357,1.19,1.19
2014.03.19 13:19:18.985,8.83428,8.83561,2.74,1.19
2014.03.19 13:19:19.087,8.83419,8.83583,1.68,1.00
2014.03.19 13:19:20.679,8.83419,8.83533,1.68,1.00
2014.03.19 13:19:23.593,8.83408,8.83533,1.19,1.19
2014.03.19 13:19:26.816,8.83407,8.83542,1.69,1.19
2014.03.19 13:19:42.399,8.83428,8.83542,1.52,1.19
2014.03.19 13:19:42.501,8.83412,8.83542,1.97,1.00
2014.03.19 13:19:42.602,8.83407,8.83541,1.69,1.19
2014.03.19 13:19:42.704,8.83413,8.83541,1.14,1.00
2014.03.19 13:19:43.612,8.83409,8.83542,1.06,1.00
2014.03.19 13:19:45.535,8.83407,8.83542,3.13,1.19
2014.03.19 13:19:45.687,8.83407,8.83542,1.88,1.00
2014.03.19 13:19:45.855,8.83407,8.83542,1.69,1.19
2014.03.19 13:19:46.172,8.83448,8.83542,1.41,1.00
2014.03.19 13:19:46.476,8.83464,8.83542,1.57,1.00
2014.03.19 13:19:46.533,8.83464,8.83582,1.57,1.00
2014.03.19 13:19:46.790,8.83464,8.83602,1.57,1.19
2014.03.19 13:19:47.001,8.83477,8.83602,1.19,1.19
2014.03.19 13:19:47.441,8.83477,8.83577,1.19,1.00
2014.03.19 13:19:52.374,8.83448,8.83577,1.97,1.00
2014.03.19 13:19:52.476,8.83453,8.83577,1.19,1.19
2014.03.19 13:19:52.904,8.83475,8.83593,1.19,1.00
2014.03.19 13:19:53.259,8.83475,8.83606,1.19,1.19
2014.03.19 13:19:53.311,8.83499,8.83606,1.19,1.00
2014.03.19 13:19:53.565,8.83499,8.83619,1.19,1.19
2014.03.19 13:19:53.819,8.83468,8.83588,1.19,1.00
2014.03.19 13:19:55.084,8.83469,8.83588,1.19,1.00
2014.03.19 13:19:55.737,8.83469,8.83583,1.19,1.00
2014.03.19 13:19:55.889,8.83445,8.83583,1.19,1.19
2014.03.19 13:19:55.940,8.83445,8.83562,1.19,1.00
2014.03.19 13:19:55.991,8.83432,8.83562,1.19,1.19
2014.03.19 13:19:56.093,8.83441,8.83562,2.29,1.19
2014.03.19 13:19:56.195,8.83456,8.83602,1.79,1.19
2014.03.19 13:19:56.297,8.83474,8.83612,1.19,1.19
2014.03.19 13:19:57.720,8.83493,8.83622,1.19,1.19
2014.03.19 13:20:00.914,8.83499,8.83622,1.19,1.19
2014.03.19 13:20:02.436,8.83486,8.83622,1.19,1.19
2014.03.19 13:20:02.631,8.83486,8.83597,1.19,1.00
2014.03.19 13:20:02.683,8.8346,8.83597,1.19,1.19
2014.03.19 13:20:02.734,8.83427,8.83588,3.24,1.00
2014.03.19 13:20:02.937,8.83427,8.83558,3.24,1.00
2014.03.19 13:20:04.350,8.83427,8.83547,3.24,1.00
2014.03.19 13:20:13.964,8.83421,8.83547,1.19,1.19
2014.03.19 13:20:16.736,8.83419,8.83547,1.19,1.19
2014.03.19 13:20:22.155,8.83421,8.83547,1.19,1.19
2014.03.19 13:20:23.687,8.8343,8.83547,1.19,1.00
2014.03.19 13:20:23.991,8.83477,8.83547,1.49,1.00
2014.03.19 13:20:24.191,8.83477,8.83597,1.49,1.19
2014.03.19 13:20:24.832,8.83475,8.83587,1.23,1.00
2014.03.19 13:20:26.783,8.83479,8.83587,1.19,1.00
2014.03.19 13:20:34.257,8.83489,8.83587,1.19,1.00
2014.03.19 13:20:36.771,8.83478,8.83587,1.19,1.00
2014.03.19 13:20:37.985,8.83481,8.83582,1.19,1.00
2014.03.19 13:20:38.402,8.83451,8.83582,1.19,1.00
2014.03.19 13:20:38.503,8.83444,8.83582,1.19,1.19
2014.03.19 13:20:39.090,8.83444,8.8355,1.19,1.00
2014.03.19 13:20:39.193,8.83427,8.8355,1.19,1.19
2014.03.19 13:20:39.299,8.83427,8.83547,1.19,1.00
2014.03.19 13:20:44.046,8.83427,8.83541,1.19,1.00
2014.03.19 13:20:45.095,8.8343,8.83541,1.19,1.00
2014.03.19 13:20:46.071,8.8343,8.83547,1.19,1.00
2014.03.19 13:20:49.919,8.8343,8.83547,1.19,1.00
2014.03.19 13:20:52.751,8.83445,8.83547,1.19,1.00
2014.03.19 13:21:01.429,8.83427,8.83547,1.19,1.00
2014.03.19 13:21:02.236,8.83426,8.83547,1.19,1.25
2014.03.19 13:21:06.758,8.83439,8.83547,1.19,1.00
2014.03.19 13:21:08.168,8.83404,8.83534,1.19,1.19
2014.03.19 13:21:08.270,8.83406,8.83507,1.19,1.00
2014.03.19 13:21:08.523,8.83428,8.83533,1.19,1.00
2014.03.19 13:21:08.574,8.83428,8.83547,1.19,1.00
2014.03.19 13:21:14.358,8.83419,8.83547,1.19,1.19
2014.03.19 13:21:19.226,8.83437,8.83547,1.19,1.00
2014.03.19 13:21:20.313,8.8344,8.83547,1.19,1.00
2014.03.19 13:21:29.286,8.83433,8.83547,1.19,1.00
2014.03.19 13:21:31.911,8.83443,8.83547,1.19,1.00
2014.03.19 13:21:36.769,8.8343,8.83547,1.19,1.00
2014.03.19 13:21:40.897,8.8344,8.83547,1.19,1.00
2014.03.19 13:21:52.058,8.83448,8.83547,1.19,1.00
2014.03.19 13:21:52.381,8.83427,8.83547,1.19,1.19
2014.03.19 13:21:59.815,8.83437,8.83547,1.19,1.00
2014.03.19 13:22:01.523,8.83423,8.83547,1.19,1.19
2014.03.19 13:22:03.352,8.83422,8.83547,1.19,1.19
2014.03.19 13:22:12.014,8.83431,8.83551,1.19,1.25
2014.03.19 13:22:16.223,8.83426,8.83551,1.19,1.19
2014.03.19 13:22:21.698,8.83426,8.8356,1.19,1.19
2014.03.19 13:22:32.036,8.83429,8.8356,1.19,1.19
2014.03.19 13:22:32.710,8.83429,8.8355,1.19,1.00
2014.03.19 13:22:33.299,8.83429,8.83558,1.19,1.19
2014.03.19 13:22:36.802,8.8342,8.83558,1.19,1.19
2014.03.19 13:22:45.960,8.83426,8.83558,1.19,1.19
2014.03.19 13:22:56.235,8.83423,8.83548,1.19,1.19
2014.03.19 13:23:01.469,8.83418,8.83548,1.19,1.19
2014.03.19 13:23:05.150,8.83422,8.83548,1.19,1.19
2014.03.19 13:23:17.886,8.83421,8.83551,1.19,1.19
2014.03.19 13:23:30.635,8.83421,8.83551,1.19,1.19
2014.03.19 13:23:32.747,8.83431,8.83551,1.19,1.19
2014.03.19 13:23:33.264,8.83431,8.83549,1.19,1.00
2014.03.19 13:23:34.068,8.83429,8.83549,1.19,1.25
2014.03.19 13:23:35.813,8.83426,8.83549,1.19,1.19
2014.03.19 13:23:43.843,8.83427,8.83549,1.19,1.19
2014.03.19 13:23:44.429,8.83406,8.83549,1.19,1.19
2014.03.19 13:23:53.478,8.83403,8.83549,1.19,1.19
2014.03.19 13:23:56.887,8.83407,8.83549,1.19,1.19
2014.03.19 13:23:59.543,8.83417,8.83549,1.19,1.19
2014.03.19 13:24:11.960,8.83415,8.83552,1.19,1.19
2014.03.19 13:24:16.831,8.83416,8.83552,1.19,1.19
2014.03.19 13:24:18.079,8.83409,8.83541,1.19,1.19
2014.03.19 13:24:18.796,8.83409,8.83532,1.19,1.00
2014.03.19 13:24:22.797,8.83415,8.83532,1.19,1.00
2014.03.19 13:24:26.943,8.83411,8.83532,1.19,1.00
2014.03.19 13:24:32.278,8.83408,8.83532,1.19,1.00
2014.03.19 13:24:33.726,8.8341,8.83532,1.19,1.00
2014.03.19 13:24:34.949,8.83407,8.83532,1.19,1.25
2014.03.19 13:24:36.038,8.83416,8.83532,1.19,1.00
2014.03.19 13:24:38.278,8.83416,8.83538,1.19,1.00
2014.03.19 13:24:42.523,8.83416,8.83548,1.19,1.19
2014.03.19 13:24:42.574,8.83395,8.83548,1.19,1.19
2014.03.19 13:24:43.675,8.83394,8.83538,1.19,1.19
2014.03.19 13:24:45.689,8.834,8.83538,1.19,1.19
2014.03.19 13:24:47.202,8.83414,8.83538,1.19,1.00
2014.03.19 13:24:48.727,8.83422,8.83538,1.19,1.00
2014.03.19 13:24:56.176,8.83426,8.83538,1.19,1.00
2014.03.19 13:24:58.791,8.83428,8.83538,1.19,1.00
2014.03.19 13:25:03.598,8.83403,8.83538,1.19,1.00
2014.03.19 13:25:04.702,8.83403,8.83538,1.19,1.19
2014.03.19 13:25:05.706,8.83404,8.83538,1.19,1.19
2014.03.19 13:25:06.208,8.83419,8.83538,1.19,1.00
2014.03.19 13:25:09.958,8.83426,8.83538,1.19,1.00
2014.03.19 13:25:10.789,8.83426,8.83548,1.19,1.19
2014.03.19 13:25:13.682,8.83415,8.83548,1.19,1.19
2014.03.19 13:25:14.041,8.83415,8.83538,1.19,1.00
2014.03.19 13:25:15.096,8.83399,8.83538,1.19,1.19
2014.03.19 13:25:29.529,8.8341,8.83538,1.19,1.25
2014.03.19 13:25:32.340,8.83429,8.83555,2.29,1.19
2014.03.19 13:25:32.643,8.83441,8.83563,1.79,1.00
2014.03.19 13:25:33.289,8.83441,8.83588,1.79,1.19
2014.03.19 13:25:36.901,8.83453,8.8358,1.79,1.19
2014.03.19 13:25:40.655,8.83453,8.83594,1.79,1.19
2014.03.19 13:25:42.252,8.83453,8.83581,1.19,1.19
2014.03.19 13:25:42.353,8.83454,8.83603,1.19,1.69
2014.03.19 13:25:45.653,8.83455,8.83602,1.79,1.19
2014.03.19 13:25:50.691,8.83457,8.83604,1.19,1.19
2014.03.19 13:25:51.750,8.83461,8.83607,1.19,1.19
2014.03.19 13:25:53.155,8.83458,8.83607,1.19,1.69
2014.03.19 13:25:54.867,8.83455,8.83602,1.79,1.19
2014.03.19 13:25:56.877,8.83461,8.83607,1.19,1.19
2014.03.19 13:25:58.228,8.83455,8.83604,1.79,1.19
2014.03.19 13:26:08.869,8.8347,8.83607,1.19,1.19
2014.03.19 13:26:16.421,8.83466,8.83607,1.19,1.19
2014.03.19 13:26:18.080,8.83463,8.83607,1.19,1.19
2014.03.19 13:26:19.693,8.83453,8.83602,2.29,1.19
2014.03.19 13:26:21.707,8.83453,8.83601,1.79,1.19
2014.03.19 13:26:26.157,8.83512,8.83601,1.00,1.19
2014.03.19 13:26:26.412,8.83498,8.83632,1.19,1.19
2014.03.19 13:26:27.880,8.83485,8.83632,1.19,1.19
2014.03.19 13:26:36.072,8.83482,8.83627,1.19,1.19
2014.03.19 13:26:39.203,8.83482,8.83632,1.19,1.19
2014.03.19 13:26:41.022,8.83482,8.83627,1.19,1.19
2014.03.19 13:26:46.895,8.83482,8.83623,1.19,1.19
2014.03.19 13:26:48.710,8.83482,8.83612,1.19,1.19
2014.03.19 13:26:54.147,8.83482,8.83627,1.19,1.19
2014.03.19 13:26:56.934,8.83483,8.83627,1.19,1.19
2014.03.19 13:27:02.833,8.83504,8.83627,2.29,1.19
2014.03.19 13:27:02.884,8.83504,8.83638,2.29,1.00
2014.03.19 13:27:03.037,8.83522,8.83638,1.79,1.00
2014.03.19 13:27:03.088,8.83522,8.83671,1.79,1.19
2014.03.19 13:27:03.189,8.83538,8.83696,2.29,1.19
2014.03.19 13:27:03.493,8.83553,8.83695,1.19,1.19
2014.03.19 13:27:04.690,8.83553,8.83702,1.19,1.19
2014.03.19 13:27:08.451,8.83552,8.83652,1.00,1.19
2014.03.19 13:27:08.603,8.83505,8.8365,1.19,1.19
2014.03.19 13:27:08.965,8.83521,8.8365,1.19,1.19
2014.03.19 13:27:10.678,8.83557,8.83641,1.20,1.25
2014.03.19 13:27:10.981,8.83637,8.83711,1.00,1.19
2014.03.19 13:27:11.083,8.83565,8.83695,1.19,1.19
2014.03.19 13:27:11.184,8.83536,8.8368,1.19,1.19
2014.03.19 13:27:12.275,8.83548,8.8369,1.19,1.19
2014.03.19 13:27:12.786,8.83533,8.83675,1.19,1.19
2014.03.19 13:27:13.477,8.83518,8.83651,1.19,1.19
2014.03.19 13:27:14.414,8.83508,8.83643,1.69,1.19
2014.03.19 13:27:17.036,8.83508,8.83637,1.69,1.19
2014.03.19 13:27:18.395,8.83508,8.83637,1.69,1.19
2014.03.19 13:27:20.923,8.83508,8.83637,1.69,1.19
2014.03.19 13:27:22.998,8.83508,8.83637,1.69,1.19
2014.03.19 13:27:25.259,8.83508,8.83637,1.69,1.19
2014.03.19 13:27:26.372,8.83508,8.83637,1.69,1.19
2014.03.19 13:27:29.973,8.83518,8.83637,1.19,1.00
2014.03.19 13:27:31.378,8.83514,8.83637,1.19,1.19
2014.03.19 13:27:32.107,8.83564,8.83637,2.10,1.19
2014.03.19 13:27:32.208,8.83606,8.83732,1.00,1.50
2014.03.19 13:27:32.259,8.83617,8.83732,1.00,1.50
2014.03.19 13:27:32.594,8.83642,8.83781,1.19,1.19
2014.03.19 13:27:33.906,8.8364,8.83789,1.19,1.19
2014.03.19 13:27:34.845,8.8364,8.83787,1.19,2.29
2014.03.19 13:27:34.947,8.83628,8.83752,1.00,2.48
2014.03.19 13:27:34.998,8.83628,8.83712,1.00,1.50
2014.03.19 13:27:35.050,8.83608,8.83712,1.50,1.50
2014.03.19 13:27:35.202,8.83567,8.83712,1.19,1.50
2014.03.19 13:27:35.253,8.83567,8.83696,1.19,1.19
2014.03.19 13:27:36.415,8.83548,8.83696,1.19,1.19
2014.03.19 13:27:37.192,8.83548,8.83667,1.19,1.00
2014.03.19 13:27:38.237,8.83559,8.83667,1.19,1.00
2014.03.19 13:27:42.187,8.8357,8.83667,1.19,1.00
2014.03.19 13:27:44.515,8.83548,8.83667,1.19,1.00
2014.03.19 13:27:45.912,8.83533,8.83667,1.19,1.19
2014.03.19 13:27:49.275,8.83549,8.83667,1.19,1.00
2014.03.19 13:27:50.827,8.83564,8.83667,1.19,1.00
2014.03.19 13:27:52.124,8.83549,8.83667,1.19,1.00
2014.03.19 13:27:56.954,8.83559,8.83667,1.19,1.00
2014.03.19 13:27:59.675,8.8354,8.83667,1.19,1.00
2014.03.19 13:28:01.108,8.8354,8.83667,1.19,1.19
2014.03.19 13:28:05.476,8.83551,8.83667,1.19,1.00
2014.03.19 13:28:09.162,8.83537,8.83667,1.19,1.19
2014.03.19 13:28:11.869,8.83541,8.83667,1.19,1.19
2014.03.19 13:28:13.697,8.83541,8.83667,1.19,1.19
2014.03.19 13:28:14.840,8.8353,8.83667,1.19,1.19
2014.03.19 13:28:14.992,8.8352,8.83662,1.19,1.19
2014.03.19 13:28:16.448,8.83513,8.83656,1.19,1.19
2014.03.19 13:28:20.292,8.83513,8.83651,1.19,1.19
2014.03.19 13:28:22.248,8.83513,8.83649,1.19,1.19
2014.03.19 13:28:24.743,8.83513,8.8365,1.19,1.19
2014.03.19 13:28:25.936,8.83513,8.83647,1.19,1.19
2014.03.19 13:28:29.401,8.83513,8.83645,1.19,1.19
2014.03.19 13:28:33.065,8.83513,8.83634,1.19,1.19
2014.03.19 13:28:34.178,8.83513,8.83647,1.19,1.19
2014.03.19 13:28:36.703,8.83514,8.83642,1.19,1.19
2014.03.19 13:28:41.338,8.83501,8.83642,1.19,1.19
2014.03.19 13:28:44.902,8.8351,8.83651,1.19,1.19
2014.03.19 13:28:46.759,8.8351,8.83651,1.19,1.19
2014.03.19 13:28:49.843,8.83509,8.83658,1.19,1.19
2014.03.19 13:28:51.958,8.83517,8.83664,1.19,1.69
2014.03.19 13:28:52.998,8.83534,8.83672,1.19,1.19
2014.03.19 13:29:03.583,8.83534,8.83672,1.19,1.19
2014.03.19 13:29:06.215,8.83534,8.83671,1.19,1.19
2014.03.19 13:29:08.244,8.83534,8.83673,1.19,1.19
2014.03.19 13:29:10.243,8.83534,8.83673,1.19,1.19
2014.03.19 13:29:12.268,8.83534,8.83671,1.19,1.19
2014.03.19 13:29:16.443,8.83534,8.83674,1.69,1.19
2014.03.19 13:29:17.475,8.83534,8.83672,1.19,1.19
2014.03.19 13:29:22.749,8.83534,8.83663,1.19,1.19
2014.03.19 13:29:24.637,8.83534,8.83663,1.19,1.19
2014.03.19 13:29:31.217,8.83534,8.83662,1.19,1.19
2014.03.19 13:29:32.527,8.83539,8.8368,1.19,1.19
2014.03.19 13:29:38.188,8.83534,8.83677,1.19,1.19
2014.03.19 13:29:41.754,8.83534,8.83667,1.19,1.19
2014.03.19 13:29:45.064,8.83534,8.83672,1.19,1.19
2014.03.19 13:29:47.023,8.83534,8.83669,1.19,1.19
2014.03.19 13:29:51.774,8.83534,8.83669,1.19,1.19
2014.03.19 13:29:55.812,8.83521,8.83668,1.19,1.19
2014.03.19 13:30:02.683,8.83516,8.83665,1.19,1.19
2014.03.19 13:30:08.493,8.83497,8.83646,1.19,1.19
2014.03.19 13:30:09.739,8.83518,8.83662,1.19,1.19
2014.03.19 13:30:13.998,8.83524,8.83662,1.19,1.19
2014.03.19 13:30:18.528,8.83502,8.83658,1.19,1.19
2014.03.19 13:30:20.193,8.83507,8.83643,1.19,1.19
2014.03.19 13:30:20.295,8.83514,8.83661,1.19,1.19
2014.03.19 13:30:21.392,8.83516,8.83661,1.19,1.19
2014.03.19 13:30:23.249,8.83498,8.83647,1.19,1.19
2014.03.19 13:30:24.470,8.83496,8.83638,1.19,1.19
2014.03.19 13:30:26.994,8.83492,8.83638,1.19,1.19
2014.03.19 13:30:28.259,8.83513,8.83661,1.19,1.19
2014.03.19 13:30:32.865,8.83539,8.83675,1.19,1.19
2014.03.19 13:30:37.165,8.83539,8.83688,1.69,1.69
2014.03.19 13:30:38.231,8.83539,8.83683,1.19,1.19
2014.03.19 13:30:42.467,8.83539,8.83679,1.19,1.19
2014.03.19 13:30:45.763,8.83541,8.83686,1.19,1.19
2014.03.19 13:30:49.165,8.83543,8.83686,1.19,1.19
2014.03.19 13:30:56.288,8.83539,8.83684,1.19,1.19
2014.03.19 13:30:56.959,8.83567,8.83695,1.19,1.19
2014.03.19 13:31:02.798,8.83559,8.83695,1.19,1.19
2014.03.19 13:31:16.260,8.8357,8.83695,1.19,1.19
2014.03.19 13:31:25.495,8.83586,8.83695,1.19,1.00
2014.03.19 13:31:26.499,8.8359,8.83695,1.19,1.00
2014.03.19 13:31:29.286,8.8359,8.83718,1.19,1.19
2014.03.19 13:31:35.499,8.8359,8.83718,1.19,1.19
2014.03.19 13:31:46.429,8.83598,8.83726,1.19,1.19
2014.03.19 13:31:48.979,8.836,8.83726,1.19,1.19
2014.03.19 13:31:50.602,8.83602,8.83726,1.19,1.19
2014.03.19 13:31:51.746,8.8359,8.83726,1.19,1.19
2014.03.19 13:31:56.676,8.83575,8.83723,1.19,1.19
2014.03.19 13:31:56.778,8.83575,8.83711,1.19,1.19
2014.03.19 13:32:02.302,8.83569,8.83693,1.19,1.19
2014.03.19 13:32:03.252,8.8358,8.83693,1.19,1.00
2014.03.19 13:32:06.084,8.83589,8.83693,1.19,1.00
2014.03.19 13:32:11.325,8.83601,8.83693,1.19,1.00
2014.03.19 13:32:14.460,8.83575,8.83693,1.19,1.00
2014.03.19 13:32:17.077,8.83589,8.83693,1.19,1.00
2014.03.19 13:32:37.072,8.83601,8.83693,1.19,1.00
2014.03.19 13:32:38.680,8.8359,8.83693,1.19,1.00
2014.03.19 13:32:40.235,8.8357,8.83693,1.19,1.00
2014.03.19 13:32:40.336,8.8357,8.83693,1.19,1.60
2014.03.19 13:32:40.437,8.83537,8.8366,2.25,1.00
2014.03.19 13:32:40.488,8.83537,8.83658,1.00,1.00
2014.03.19 13:32:40.792,8.83547,8.83683,1.19,1.19
2014.03.19 13:32:40.843,8.83552,8.83697,1.19,1.19
2014.03.19 13:32:42.978,8.8357,8.83701,1.19,1.19
2014.03.19 13:32:45.207,8.83571,8.83701,1.69,1.19
2014.03.19 13:32:48.424,8.8357,8.83701,1.19,1.19
2014.03.19 13:32:49.955,8.83562,8.83701,1.69,1.19
2014.03.19 13:32:56.479,8.83571,8.83701,1.19,1.19
2014.03.19 13:32:59.369,8.83578,8.83701,1.19,1.19
2014.03.19 13:33:03.662,8.83565,8.83701,1.19,1.19
2014.03.19 13:33:11.481,8.83571,8.83701,1.19,1.19
2014.03.19 13:33:15.547,8.83577,8.83701,1.19,1.19
2014.03.19 13:33:21.083,8.83571,8.83701,1.19,1.19
2014.03.19 13:33:22.739,8.8357,8.83701,1.19,1.19
2014.03.19 13:33:24.950,8.83572,8.83701,1.19,1.19
2014.03.19 13:33:25.517,8.83572,8.83701,1.19,1.19
2014.03.19 13:33:28.627,8.83586,8.83701,1.19,1.00
2014.03.19 13:33:29.809,8.83586,8.83701,1.19,1.00
2014.03.19 13:33:31.220,8.83576,8.83701,1.19,1.19
2014.03.19 13:33:38.837,8.83585,8.83701,1.69,1.00
2014.03.19 13:33:39.177,8.83601,8.83701,1.00,1.00
2014.03.19 13:33:40.838,8.83601,8.83765,1.00,1.60
2014.03.19 13:33:42.193,8.83601,8.83765,1.08,1.60
2014.03.19 13:33:43.511,8.83601,8.83765,1.08,1.60
2014.03.19 13:33:43.940,8.83601,8.83751,1.27,1.19
2014.03.19 13:33:45.767,8.83601,8.83765,1.27,1.60
2014.03.19 13:33:50.468,8.83601,8.83765,1.27,1.60
2014.03.19 13:33:51.863,8.83601,8.83765,1.27,1.60
2014.03.19 13:33:52.529,8.83601,8.83765,1.19,1.60
2014.03.19 13:33:53.164,8.83601,8.83765,1.27,1.60
2014.03.19 13:33:53.732,8.83601,8.83765,1.27,1.60
2014.03.19 13:33:56.855,8.83601,8.83765,1.27,1.60
2014.03.19 13:33:58.271,8.83601,8.83765,1.27,1.60
2014.03.19 13:33:59.443,8.83604,8.83768,1.27,1.79
2014.03.19 13:33:59.645,8.83604,8.83768,1.08,1.60
2014.03.19 13:34:00.447,8.83604,8.83768,1.00,1.60
2014.03.19 13:34:00.556,8.83604,8.83768,1.08,1.60
2014.03.19 13:34:00.670,8.83604,8.83768,1.00,1.60
2014.03.19 13:34:00.776,8.83604,8.83768,1.08,1.60
2014.03.19 13:34:01.106,8.83604,8.83735,1.27,1.19
2014.03.19 13:34:02.762,8.83604,8.83747,1.27,1.19
2014.03.19 13:34:10.663,8.83604,8.83763,1.00,1.60
2014.03.19 13:34:10.736,8.83604,8.83763,1.08,1.60
2014.03.19 13:34:11.290,8.83604,8.83763,1.08,1.60
2014.03.19 13:34:11.954,8.83604,8.83763,1.08,1.60
2014.03.19 13:34:13.461,8.83604,8.83763,1.08,1.60
2014.03.19 13:34:14.206,8.83604,8.83729,1.27,1.19
2014.03.19 13:34:14.258,8.83604,8.83749,1.27,1.19
2014.03.19 13:34:17.068,8.83604,8.83734,1.27,1.19
2014.03.19 13:34:19.178,8.83604,8.83755,1.27,1.19
2014.03.19 13:34:20.890,8.83606,8.83755,1.27,1.19
2014.03.19 13:34:26.718,8.83604,8.8374,1.27,1.19
2014.03.19 13:34:26.821,8.83609,8.8376,1.19,1.79
2014.03.19 13:34:28.929,8.83611,8.83758,1.19,1.54
2014.03.19 13:34:30.738,8.83626,8.83768,1.19,1.79
2014.03.19 13:34:31.922,8.83612,8.83759,1.19,1.79
2014.03.19 13:34:33.431,8.83623,8.83768,1.19,1.19
2014.03.19 13:34:35.483,8.8364,8.83761,1.19,1.19
2014.03.19 13:34:37.154,8.83653,8.83786,1.19,1.19
2014.03.19 13:34:40.358,8.83657,8.83806,1.19,1.19
2014.03.19 13:34:41.481,8.83677,8.83812,1.19,1.19
2014.03.19 13:34:49.394,8.83677,8.83812,1.19,1.19
2014.03.19 13:34:59.610,8.83679,8.83812,1.19,1.19
2014.03.19 13:35:01.653,8.83697,8.83812,1.19,1.00
2014.03.19 13:35:01.704,8.83697,8.83823,1.19,1.69
2014.03.19 13:35:01.755,8.83716,8.83823,1.19,1.50
2014.03.19 13:35:01.806,8.83716,8.8386,1.19,1.19
2014.03.19 13:35:02.160,8.8374,8.8389,1.19,1.19
2014.03.19 13:35:02.261,8.83755,8.83901,1.19,1.19
2014.03.19 13:35:06.649,8.83767,8.83911,1.19,1.19
2014.03.19 13:35:08.670,8.83765,8.83911,1.19,1.19
2014.03.19 13:35:10.419,8.83768,8.83911,1.19,1.19
2014.03.19 13:35:11.975,8.83767,8.83911,1.19,1.19
2014.03.19 13:35:16.207,8.83767,8.83911,1.19,1.19
2014.03.19 13:35:17.266,8.83767,8.83911,1.19,1.19
2014.03.19 13:35:21.193,8.83771,8.83911,1.19,1.19
2014.03.19 13:35:22.895,8.83758,8.83903,1.29,1.19
2014.03.19 13:35:22.997,8.83747,8.83888,1.00,1.00
2014.03.19 13:35:23.048,8.83747,8.83876,1.00,1.00
2014.03.19 13:35:23.302,8.83742,8.83892,1.27,1.00
2014.03.19 13:35:23.403,8.83742,8.83896,1.19,1.00
2014.03.19 13:35:23.523,8.83742,8.83896,1.27,1.00
2014.03.19 13:35:24.061,8.83742,8.83896,1.27,1.00
2014.03.19 13:35:24.377,8.83747,8.83883,1.08,1.19
2014.03.19 13:35:24.972,8.83747,8.83883,1.00,1.19
2014.03.19 13:35:26.007,8.83747,8.83883,1.19,1.19
2014.03.19 13:35:29.191,8.83747,8.83886,1.19,1.19
2014.03.19 13:35:32.406,8.83742,8.83877,1.19,1.19
2014.03.19 13:35:34.967,8.83742,8.83872,1.19,1.19
2014.03.19 13:35:39.394,8.83742,8.83882,1.19,1.19
2014.03.19 13:35:41.105,8.83742,8.83884,1.19,1.19
2014.03.19 13:35:44.961,8.83742,8.83885,1.19,1.19
2014.03.19 13:35:46.173,8.83742,8.83887,1.19,1.19
2014.03.19 13:35:48.163,8.83742,8.83886,1.19,1.19
2014.03.19 13:35:48.386,8.83742,8.83871,1.19,1.19
2014.03.19 13:35:49.907,8.83717,8.83856,1.19,1.19
2014.03.19 13:35:51.114,8.83728,8.83856,1.19,1.19
2014.03.19 13:35:52.626,8.83728,8.83856,1.19,1.19
2014.03.19 13:35:55.549,8.83728,8.83856,1.19,1.19
2014.03.19 13:35:59.617,8.83728,8.83856,1.19,1.19
2014.03.19 13:36:01.127,8.83728,8.83856,1.19,1.19
2014.03.19 13:36:04.690,8.83728,8.83856,1.19,1.19
2014.03.19 13:36:06.167,8.83728,8.83856,1.19,1.19
2014.03.19 13:36:07.981,8.83717,8.83856,1.69,1.19
2014.03.19 13:36:09.953,8.8372,8.83856,1.19,1.19
2014.03.19 13:36:14.190,8.83724,8.83856,1.19,1.19
2014.03.19 13:36:15.468,8.83782,8.83878,1.00,1.19
2014.03.19 13:36:15.519,8.83798,8.83878,1.00,1.00
2014.03.19 13:36:15.570,8.83798,8.83891,1.00,1.00
2014.03.19 13:36:15.622,8.83789,8.83891,1.00,1.00
2014.03.19 13:36:15.673,8.8375,8.83889,1.19,1.19
2014.03.19 13:36:15.775,8.83756,8.83891,1.19,1.19
2014.03.19 13:36:17.201,8.83768,8.83891,1.19,1.19
2014.03.19 13:36:17.474,8.83782,8.83891,1.19,1.00
2014.03.19 13:36:17.525,8.83782,8.83913,1.19,1.69
2014.03.19 13:36:18.894,8.8381,8.83913,1.19,1.50
2014.03.19 13:36:21.364,8.838,8.83913,1.27,1.50
2014.03.19 13:36:22.501,8.83802,8.83913,1.27,1.50
2014.03.19 13:36:22.863,8.83802,8.83951,1.27,1.19
2014.03.19 13:36:22.914,8.83822,8.83966,1.19,1.19
2014.03.19 13:36:23.220,8.83822,8.8394,1.19,1.00
2014.03.19 13:36:23.270,8.83822,8.83946,1.19,1.19
2014.03.19 13:36:24.137,8.83835,8.83946,1.19,1.00
2014.03.19 13:36:25.684,8.83812,8.83959,1.19,1.69
2014.03.19 13:36:25.836,8.83812,8.83913,1.19,1.50
2014.03.19 13:36:25.988,8.83812,8.83959,1.19,1.69
2014.03.19 13:36:26.494,8.8383,8.8394,1.19,1.00
2014.03.19 13:36:30.910,8.8382,8.8394,1.19,1.00
2014.03.19 13:36:32.093,8.83829,8.8394,1.19,1.00
2014.03.19 13:36:34.305,8.83833,8.8394,1.19,1.00
2014.03.19 13:36:36.722,8.83845,8.8394,1.19,1.00
2014.03.19 13:36:37.475,8.8382,8.8394,1.19,1.00
2014.03.19 13:36:38.843,8.8382,8.8394,1.19,1.19
2014.03.19 13:36:41.278,8.83839,8.8394,1.19,1.00
2014.03.19 13:36:41.380,8.8382,8.8394,1.19,1.00
2014.03.19 13:36:41.482,8.8382,8.8394,1.19,1.19
2014.03.19 13:36:41.972,8.83811,8.83911,1.19,1.00
2014.03.19 13:36:43.202,8.83811,8.83911,1.19,1.00
2014.03.19 13:36:46.412,8.83811,8.83972,1.19,1.69
2014.03.19 13:36:46.462,8.83835,8.83975,1.00,1.19
2014.03.19 13:36:46.766,8.83871,8.84007,1.19,1.19
2014.03.19 13:36:47.951,8.83883,8.84007,1.19,1.19
2014.03.19 13:36:48.927,8.83879,8.84007,1.19,1.19
2014.03.19 13:36:50.440,8.83881,8.84007,1.19,1.19
2014.03.19 13:36:51.921,8.83881,8.8398,1.19,1.00
2014.03.19 13:36:52.123,8.83839,8.83972,1.19,1.69
2014.03.19 13:36:52.529,8.8381,8.83957,1.19,1.19
2014.03.19 13:36:53.133,8.83809,8.83972,1.27,1.50
2014.03.19 13:36:53.235,8.83809,8.83972,1.27,1.50
2014.03.19 13:36:53.336,8.83835,8.83972,1.00,1.50
2014.03.19 13:36:53.961,8.83835,8.83941,1.00,1.00
2014.03.19 13:36:54.276,8.83835,8.83941,1.08,1.00
2014.03.19 13:36:54.581,8.83851,8.83941,1.08,1.00
2014.03.19 13:36:55.243,8.83851,8.83941,1.08,1.00
2014.03.19 13:36:55.952,8.83851,8.83941,1.08,1.00
2014.03.19 13:36:56.562,8.83851,8.83941,1.08,1.00
2014.03.19 13:36:58.485,8.83851,8.83941,1.08,1.00
2014.03.19 13:36:59.235,8.83851,8.83941,1.08,1.00
2014.03.19 13:37:01.059,8.83851,8.83941,1.27,1.00
2014.03.19 13:37:01.725,8.83851,8.83941,1.08,1.00
2014.03.19 13:37:02.351,8.83851,8.83941,1.08,1.00
2014.03.19 13:37:03.132,8.83851,8.83941,1.27,1.00
2014.03.19 13:37:03.234,8.83861,8.84001,1.19,1.00
2014.03.19 13:37:03.436,8.83871,8.84001,1.19,1.69
2014.03.19 13:37:07.166,8.83871,8.8399,1.19,1.19
2014.03.19 13:37:08.278,8.83874,8.8399,1.19,1.00
2014.03.19 13:37:10.187,8.83885,8.8399,1.19,1.00
2014.03.19 13:37:11.579,8.83897,8.8399,1.19,1.00
2014.03.19 13:37:14.729,8.83876,8.8399,1.19,1.00
2014.03.19 13:37:21.517,8.83891,8.8399,1.19,1.00
2014.03.19 13:37:23.228,8.83897,8.8399,1.19,1.00
2014.03.19 13:37:30.523,8.8388,8.8399,1.19,1.00
2014.03.19 13:37:32.236,8.8388,8.8399,1.19,1.00
2014.03.19 13:37:32.879,8.83871,8.8399,1.19,1.00
2014.03.19 13:37:32.981,8.83871,8.8399,1.19,1.19
2014.03.19 13:37:33.991,8.83871,8.8399,1.19,1.19
2014.03.19 13:37:38.725,8.83871,8.8399,1.19,1.19
2014.03.19 13:37:42.408,8.8388,8.8399,1.19,1.00
2014.03.19 13:37:49.266,8.8387,8.8399,1.69,1.00
2014.03.19 13:37:50.701,8.8387,8.8399,1.19,1.19
2014.03.19 13:37:52.395,8.8387,8.8399,1.19,1.19
2014.03.19 13:37:55.385,8.83871,8.8399,1.19,1.00
2014.03.19 13:37:58.324,8.83872,8.8399,1.19,1.00
2014.03.19 13:37:59.259,8.8387,8.8399,1.19,1.00
2014.03.19 13:38:01.456,8.8387,8.8399,1.19,1.00
2014.03.19 13:38:04.629,8.8387,8.84,1.19,1.00
2014.03.19 13:38:04.859,8.8387,8.84,1.19,1.00
2014.03.19 13:38:06.386,8.8387,8.84,1.19,1.00
2014.03.19 13:38:08.183,8.8387,8.84,1.19,1.19
2014.03.19 13:38:09.390,8.8387,8.84,1.19,1.19
2014.03.19 13:38:09.892,8.8384,8.83989,2.42,1.19
2014.03.19 13:38:11.372,8.83832,8.83974,1.19,1.19
2014.03.19 13:38:12.982,8.83837,8.83986,1.19,1.19
2014.03.19 13:38:15.106,8.83832,8.83974,1.19,1.19
2014.03.19 13:38:19.491,8.83837,8.83984,1.19,1.19
2014.03.19 13:38:21.429,8.83832,8.83973,1.19,1.19
2014.03.19 13:38:29.782,8.83832,8.83962,1.19,1.19
2014.03.19 13:38:34.429,8.83824,8.83967,1.19,1.19
2014.03.19 13:38:39.247,8.83824,8.83959,1.19,1.19
2014.03.19 13:39:03.180,8.83819,8.83948,1.19,1.19
2014.03.19 13:39:20.705,8.83819,8.8397,1.19,1.19
2014.03.19 13:39:20.808,8.83833,8.83972,1.19,1.19
2014.03.19 13:39:22.454,8.83837,8.83973,1.19,1.19
2014.03.19 13:39:29.691,8.83834,8.83973,1.19,1.19
2014.03.19 13:39:32.224,8.83829,8.83973,1.19,1.69
2014.03.19 13:39:33.810,8.83829,8.8397,1.19,1.19
2014.03.19 13:39:44.940,8.83831,8.83963,1.19,1.19
2014.03.19 13:39:49.543,8.83829,8.83963,1.19,1.19
2014.03.19 13:39:51.494,8.83829,8.83963,1.19,1.19
2014.03.19 13:39:54.657,8.8383,8.83973,1.19,1.19
2014.03.19 13:39:57.294,8.83834,8.83963,1.19,1.19
2014.03.19 13:39:58.692,8.83815,8.83963,1.19,1.19
2014.03.19 13:39:58.794,8.83815,8.83955,1.19,1.19
2014.03.19 13:39:59.731,8.83815,8.83952,1.19,1.19
2014.03.19 13:40:02.719,8.83815,8.83932,1.19,1.19
2014.03.19 13:40:04.079,8.83804,8.83932,1.19,1.19
2014.03.19 13:40:07.269,8.83804,8.83932,1.19,1.19
2014.03.19 13:40:12.709,8.83804,8.83932,1.19,1.19
2014.03.19 13:40:13.706,8.83804,8.83932,1.19,1.19
2014.03.19 13:40:23.849,8.8381,8.83932,1.19,1.19
2014.03.19 13:40:25.133,8.8381,8.83932,1.19,1.19
2014.03.19 13:40:32.102,8.8381,8.83932,1.19,1.19
2014.03.19 13:40:34.670,8.83816,8.83932,1.19,1.00
2014.03.19 13:40:35.380,8.8381,8.83932,1.19,1.19
2014.03.19 13:40:38.432,8.8381,8.83932,1.19,1.19
2014.03.19 13:40:39.778,8.8381,8.83932,1.19,1.19
2014.03.19 13:40:44.678,8.83801,8.83932,1.19,1.19
2014.03.19 13:40:46.199,8.83801,8.83932,1.19,1.19
2014.03.19 13:40:55.404,8.83801,8.83932,1.19,1.19
2014.03.19 13:40:58.454,8.83811,8.83951,1.19,1.19
2014.03.19 13:41:03.180,8.83811,8.8395,1.19,1.19
2014.03.19 13:41:07.226,8.83811,8.83946,1.19,1.19
2014.03.19 13:41:09.951,8.83811,8.83951,1.19,1.19
2014.03.19 13:41:17.292,8.83822,8.83951,1.19,1.19
2014.03.19 13:41:20.314,8.83811,8.83948,1.19,1.19
2014.03.19 13:41:23.117,8.83811,8.83949,1.19,1.19
2014.03.19 13:41:33.226,8.83811,8.83951,1.19,1.19
2014.03.19 13:41:33.758,8.83825,8.83951,1.19,1.19
2014.03.19 13:41:34.408,8.8384,8.83951,1.19,1.00
2014.03.19 13:41:41.141,8.83856,8.83951,1.19,1.00
2014.03.19 13:41:42.888,8.83837,8.83951,1.19,1.00
2014.03.19 13:41:47.234,8.83847,8.83951,1.19,1.00
2014.03.19 13:41:50.520,8.83859,8.83951,1.19,1.00
2014.03.19 13:41:52.613,8.83846,8.83951,1.19,1.00
2014.03.19 13:41:55.759,8.83846,8.83995,1.19,1.19
2014.03.19 13:42:04.153,8.83847,8.83996,1.19,1.19
2014.03.19 13:42:09.228,8.83834,8.83983,1.69,1.19
2014.03.19 13:42:13.158,8.83859,8.83998,1.19,1.19
2014.03.19 13:42:17.195,8.8387,8.84002,1.19,1.19
2014.03.19 13:42:19.719,8.83869,8.84002,1.19,1.19
2014.03.19 13:42:20.167,8.83849,8.84002,1.19,1.19
2014.03.19 13:42:21.886,8.83849,8.83998,1.19,1.19
2014.03.19 13:42:23.201,8.83862,8.84002,1.19,1.19
2014.03.19 13:42:29.660,8.83836,8.84002,1.19,1.69
2014.03.19 13:42:30.246,8.83837,8.83987,1.19,1.19
2014.03.19 13:42:31.844,8.83838,8.83987,1.19,1.19
2014.03.19 13:42:36.871,8.83836,8.83969,1.19,1.19
2014.03.19 13:42:37.188,8.83836,8.83985,1.69,1.19
2014.03.19 13:42:38.913,8.83837,8.83986,1.19,1.19
2014.03.19 13:42:40.318,8.83838,8.83985,1.19,1.19
2014.03.19 13:42:40.920,8.83853,8.84002,1.19,1.19
2014.03.19 13:42:41.129,8.83836,8.83982,1.19,1.19
2014.03.19 13:42:42.342,8.83836,8.83981,1.19,1.19
2014.03.19 13:42:42.494,8.83827,8.8397,1.19,1.19
2014.03.19 13:42:44.668,8.83829,8.83978,1.19,1.19
2014.03.19 13:42:55.326,8.83832,8.83983,1.19,1.19
2014.03.19 13:42:56.381,8.83827,8.83964,1.19,1.19
2014.03.19 13:42:57.693,8.83827,8.83974,1.19,1.19
2014.03.19 13:43:00.657,8.83829,8.83978,1.19,1.19
2014.03.19 13:43:07.105,8.83839,8.83988,1.19,1.19
2014.03.19 13:43:12.215,8.83843,8.83992,1.19,1.19
2014.03.19 13:43:13.319,8.83842,8.83989,1.19,1.19
2014.03.19 13:43:16.111,8.83831,8.83974,1.19,1.19
2014.03.19 13:43:17.326,8.83821,8.8397,1.19,1.19
2014.03.19 13:43:19.032,8.83828,8.83959,1.19,1.19
2014.03.19 13:43:25.922,8.83871,8.83959,1.50,1.19
2014.03.19 13:43:26.074,8.83878,8.83982,1.00,1.00
2014.03.19 13:43:26.175,8.83876,8.83973,1.00,1.19
2014.03.19 13:43:26.226,8.83858,8.83973,1.50,1.19
2014.03.19 13:43:26.277,8.83868,8.84017,1.19,1.19
2014.03.19 13:43:26.430,8.83907,8.84017,1.00,1.19
2014.03.19 13:43:26.532,8.83916,8.84043,1.19,1.50
2014.03.19 13:43:26.582,8.83933,8.84052,1.19,1.00
2014.03.19 13:43:26.633,8.83933,8.84072,1.19,1.19
2014.03.19 13:43:27.849,8.83928,8.84077,1.19,1.19
2014.03.19 13:43:30.044,8.83942,8.84069,1.19,1.19
2014.03.19 13:43:31.138,8.83942,8.8407,1.19,1.19
2014.03.19 13:43:31.662,8.8395,8.84089,1.19,1.19
2014.03.19 13:43:32.440,8.83971,8.84114,1.19,1.19
2014.03.19 13:43:35.353,8.83972,8.84114,1.19,1.19
2014.03.19 13:43:41.476,8.83972,8.84115,1.19,1.19
2014.03.19 13:43:42.683,8.83975,8.84122,1.19,1.19
2014.03.19 13:43:46.171,8.84002,8.84108,1.00,1.19
2014.03.19 13:43:46.661,8.84002,8.84123,1.19,1.69
2014.03.19 13:43:49.515,8.84002,8.84116,1.25,1.19
2014.03.19 13:43:51.428,8.84002,8.84112,1.50,1.19
2014.03.19 13:43:51.732,8.84083,8.84123,1.00,1.50
2014.03.19 13:43:51.834,8.84048,8.84192,1.32,1.69
2014.03.19 13:43:52.137,8.84048,8.84203,1.19,1.69
2014.03.19 13:43:52.440,8.84096,8.84202,1.00,1.00
2014.03.19 13:43:52.542,8.84101,8.84203,1.19,1.50
2014.03.19 13:43:52.593,8.84101,8.84232,1.19,1.00
2014.03.19 13:43:52.644,8.84101,8.84253,1.19,1.19
2014.03.19 13:43:53.930,8.84116,8.84263,1.19,1.69
2014.03.19 13:43:54.603,8.84099,8.84249,1.19,1.19
2014.03.19 13:43:54.912,8.84128,8.84262,1.19,1.19
2014.03.19 13:43:55.215,8.8413,8.84279,1.19,1.19
2014.03.19 13:43:56.202,8.84146,8.84278,1.19,1.19
2014.03.19 13:43:57.339,8.84148,8.84284,1.19,1.19
2014.03.19 13:43:59.021,8.84148,8.84273,1.19,1.19
2014.03.19 13:44:01.164,8.84148,8.84266,1.19,1.19
2014.03.19 13:44:03.448,8.84148,8.84261,1.19,1.19
2014.03.19 13:44:04.418,8.84148,8.84265,1.19,1.19
2014.03.19 13:44:06.346,8.84147,8.84256,1.00,1.19
2014.03.19 13:44:07.535,8.84148,8.84269,1.19,1.19
2014.03.19 13:44:08.626,8.84152,8.84265,1.19,1.19
2014.03.19 13:44:10.656,8.84147,8.84266,1.19,1.19
2014.03.19 13:44:11.972,8.84147,8.8427,1.19,1.19
2014.03.19 13:44:12.176,8.84147,8.84259,1.00,1.19
2014.03.19 13:44:12.227,8.84123,8.84259,1.19,1.19
2014.03.19 13:44:12.278,8.84123,8.84218,1.00,1.19
2014.03.19 13:44:12.329,8.84102,8.84218,1.19,1.19
2014.03.19 13:44:15.484,8.84092,8.8422,1.19,1.19
2014.03.19 13:44:16.798,8.84092,8.84221,1.19,1.19
2014.03.19 13:44:21.904,8.84092,8.84221,1.19,1.19
2014.03.19 13:44:23.957,8.84092,8.84221,1.19,1.19
2014.03.19 13:44:26.617,8.84092,8.84217,1.19,1.19
2014.03.19 13:44:27.808,8.84092,8.84231,1.19,1.19
2014.03.19 13:44:29.122,8.84092,8.84218,1.00,1.19
2014.03.19 13:44:29.224,8.84052,8.84178,1.19,1.19
2014.03.19 13:44:29.579,8.84014,8.84161,1.19,1.19
2014.03.19 13:44:30.497,8.83998,8.84136,1.19,1.19
2014.03.19 13:44:31.976,8.84016,8.84146,1.19,1.19
2014.03.19 13:44:35.811,8.84029,8.84156,1.19,1.19
2014.03.19 13:44:37.239,8.84029,8.84165,1.19,1.19
2014.03.19 13:44:39.877,8.84029,8.84166,1.19,1.19
2014.03.19 13:44:41.403,8.84029,8.84174,1.19,1.19
2014.03.19 13:44:43.025,8.84048,8.84176,1.19,1.19
2014.03.19 13:44:44.329,8.84048,8.84184,1.19,1.19
2014.03.19 13:44:45.443,8.84042,8.84174,1.19,1.19
2014.03.19 13:44:46.758,8.84042,8.8417,1.19,1.19
2014.03.19 13:44:53.718,8.84042,8.84174,1.19,1.19
2014.03.19 13:44:55.711,8.84042,8.84168,1.19,1.19
2014.03.19 13:45:04.148,8.84043,8.84169,1.19,1.19
2014.03.19 13:45:05.003,8.84033,8.84166,1.19,1.19
2014.03.19 13:45:05.657,8.84043,8.84166,1.00,1.19
2014.03.19 13:45:06.237,8.84052,8.84166,1.00,1.19
2014.03.19 13:45:06.288,8.84052,8.84188,1.19,1.19
2014.03.19 13:45:11.004,8.84065,8.84197,1.19,1.19
2014.03.19 13:45:11.514,8.84063,8.84188,1.19,1.19
2014.03.19 13:45:12.622,8.84063,8.8419,1.19,1.19
2014.03.19 13:45:14.541,8.84063,8.84203,1.19,2.44
2014.03.19 13:45:16.959,8.84063,8.842,1.19,1.19
2014.03.19 13:45:18.403,8.84063,8.84187,1.19,1.19
2014.03.19 13:45:19.517,8.84063,8.84174,1.00,1.19
2014.03.19 13:45:23.206,8.84063,8.84174,1.00,1.19
2014.03.19 13:45:24.530,8.84063,8.84174,1.00,1.19
2014.03.19 13:45:26.347,8.84063,8.84156,1.00,1.19
2014.03.19 13:45:27.933,8.84063,8.84169,1.00,1.19
2014.03.19 13:45:29.187,8.84063,8.84164,1.00,1.19
2014.03.19 13:45:30.096,8.84063,8.84183,1.00,1.19
2014.03.19 13:45:31.265,8.84063,8.84195,1.19,1.19
2014.03.19 13:45:32.696,8.84063,8.84185,1.00,1.19
2014.03.19 13:45:34.113,8.84124,8.84185,2.10,1.19
2014.03.19 13:45:34.164,8.84124,8.84217,2.10,1.00
2014.03.19 13:45:34.215,8.84152,8.8422,1.00,1.00
2014.03.19 13:45:34.266,8.84152,8.84278,1.25,1.00
2014.03.19 13:45:34.368,8.84152,8.84232,1.25,1.00
2014.03.19 13:45:34.571,8.84127,8.84208,1.50,1.00
2014.03.19 13:45:34.673,8.84081,8.84208,1.19,1.00
2014.03.19 13:45:34.847,8.84107,8.84208,1.50,1.00
2014.03.19 13:45:34.999,8.84081,8.84208,1.19,1.00
2014.03.19 13:45:35.463,8.84061,8.84208,1.19,1.19
2014.03.19 13:45:35.765,8.84105,8.84222,1.54,1.50
2014.03.19 13:45:35.917,8.84105,8.84253,1.19,1.19
2014.03.19 13:45:35.968,8.84105,8.84227,1.25,1.19
2014.03.19 13:45:36.272,8.84056,8.84203,1.19,1.19
2014.03.19 13:45:37.371,8.84053,8.84197,1.19,1.19
2014.03.19 13:45:38.786,8.84033,8.84178,1.19,1.19
2014.03.19 13:45:39.788,8.8404,8.84166,1.19,1.19
2014.03.19 13:45:41.223,8.84047,8.84166,1.19,1.00
2014.03.19 13:45:44.652,8.84035,8.84166,1.19,1.19
2014.03.19 13:45:44.957,8.84053,8.84166,1.19,1.00
2014.03.19 13:45:45.109,8.84053,8.84198,1.19,1.19
2014.03.19 13:45:46.077,8.84056,8.84198,1.19,1.19
2014.03.19 13:45:46.381,8.84044,8.84186,1.19,1.19
2014.03.19 13:45:47.524,8.84044,8.84171,1.19,1.19
2014.03.19 13:45:50.838,8.84047,8.84171,1.19,1.19
2014.03.19 13:45:52.724,8.84046,8.84123,1.19,1.00
2014.03.19 13:45:52.775,8.84046,8.84123,1.19,1.00
2014.03.19 13:45:57.394,8.8404,8.84123,1.19,1.00
2014.03.19 13:45:59.002,8.84038,8.84123,1.19,1.00
2014.03.19 13:46:02.970,8.84038,8.84123,1.19,1.00
2014.03.19 13:46:03.887,8.84037,8.84123,1.00,1.00
2014.03.19 13:46:04.549,8.84038,8.84123,1.00,1.00
2014.03.19 13:46:05.091,8.84037,8.84123,1.00,1.00
2014.03.19 13:46:12.924,8.84028,8.84123,1.19,1.25
2014.03.19 13:46:13.026,8.84028,8.84123,1.00,1.19
2014.03.19 13:46:14.239,8.84028,8.84123,1.00,1.19
2014.03.19 13:46:20.165,8.84028,8.84123,1.19,1.00
2014.03.19 13:46:22.380,8.84028,8.84123,1.00,1.19
2014.03.19 13:46:25.131,8.84028,8.84123,1.19,1.19
2014.03.19 13:46:27.491,8.84028,8.84123,1.25,1.19
2014.03.19 13:46:32.433,8.84028,8.84123,1.19,1.00
2014.03.19 13:46:33.542,8.84028,8.84123,1.19,1.19
2014.03.19 13:46:44.862,8.84027,8.84123,1.00,1.19
2014.03.19 13:46:46.414,8.84019,8.84123,1.00,1.19
2014.03.19 13:46:48.570,8.84027,8.84123,1.00,1.19
2014.03.19 13:46:49.143,8.84027,8.84123,1.00,1.19
2014.03.19 13:46:50.225,8.84027,8.84123,1.00,1.19
2014.03.19 13:46:50.550,8.84019,8.84123,1.19,1.19
2014.03.19 13:46:51.100,8.84027,8.84123,1.00,1.19
2014.03.19 13:46:54.621,8.84019,8.84123,1.19,1.19
2014.03.19 13:46:55.390,8.84028,8.84123,1.00,1.19
2014.03.19 13:46:56.600,8.84019,8.84123,1.19,1.19
2014.03.19 13:47:00.588,8.84017,8.84141,1.19,1.19
2014.03.19 13:47:00.891,8.84027,8.84141,1.00,1.19
2014.03.19 13:47:02.838,8.84027,8.84132,1.00,1.19
2014.03.19 13:47:06.156,8.84027,8.84123,1.00,1.19
2014.03.19 13:47:07.371,8.84027,8.84123,1.00,1.19
2014.03.19 13:47:08.180,8.84018,8.84123,1.00,1.19
2014.03.19 13:47:08.877,8.84018,8.84123,1.00,1.19
2014.03.19 13:47:10.819,8.84028,8.84123,1.00,1.19
2014.03.19 13:47:11.797,8.84028,8.84123,1.00,1.19
2014.03.19 13:47:14.040,8.84028,8.84123,1.00,1.19
2014.03.19 13:47:14.354,8.84037,8.84123,1.00,1.19
2014.03.19 13:47:17.365,8.84037,8.84123,1.00,1.00
2014.03.19 13:47:20.712,8.84037,8.84123,1.19,1.00
2014.03.19 13:47:27.080,8.84037,8.84123,1.00,1.00
2014.03.19 13:47:28.092,8.84036,8.84123,1.00,1.00
2014.03.19 13:47:28.143,8.84088,8.84155,1.50,1.19
2014.03.19 13:47:28.194,8.84124,8.84222,1.19,4.61
2014.03.19 13:47:28.245,8.84124,8.84242,1.19,1.00
2014.03.19 13:47:28.693,8.84124,8.84247,1.19,1.19
2014.03.19 13:47:29.013,8.84112,8.84259,1.19,1.19
2014.03.19 13:47:29.317,8.84112,8.84222,1.19,1.00
2014.03.19 13:47:29.652,8.84124,8.84259,1.19,1.19
2014.03.19 13:47:29.753,8.84126,8.84277,1.19,1.19
2014.03.19 13:47:30.320,8.84126,8.84213,1.19,1.00
2014.03.19 13:47:31.048,8.84142,8.84213,1.19,1.00
2014.03.19 13:47:32.717,8.84152,8.84213,1.19,1.00
2014.03.19 13:47:35.514,8.84139,8.84213,1.19,1.00
2014.03.19 13:47:37.390,8.84132,8.84213,1.19,1.00
2014.03.19 13:47:39.332,8.84136,8.84213,1.19,1.00
2014.03.19 13:47:42.947,8.84107,8.84213,1.00,1.00
2014.03.19 13:47:42.998,8.8409,8.84237,1.19,1.19
2014.03.19 13:47:43.049,8.84088,8.84214,1.69,1.19
2014.03.19 13:47:44.603,8.84053,8.842,1.19,1.19
2014.03.19 13:47:44.906,8.84053,8.84138,1.19,1.00
2014.03.19 13:47:46.440,8.84047,8.84138,1.19,1.00
2014.03.19 13:47:54.140,8.8406,8.84138,1.19,1.00
2014.03.19 13:47:54.192,8.8406,8.84212,1.19,1.19
2014.03.19 13:47:54.445,8.84078,8.84225,1.19,1.19
2014.03.19 13:47:55.400,8.84078,8.84187,1.19,1.00
2014.03.19 13:47:57.195,8.84084,8.84187,1.00,1.19
2014.03.19 13:47:57.296,8.84062,8.84187,1.19,1.19
2014.03.19 13:47:58.144,8.84047,8.8416,1.19,1.00
2014.03.19 13:47:58.539,8.84047,8.84138,1.19,1.00
2014.03.19 13:48:02.434,8.84041,8.84138,1.19,1.00
2014.03.19 13:48:03.456,8.84033,8.84138,1.19,1.00
2014.03.19 13:48:05.389,8.84025,8.84138,1.19,1.00
2014.03.19 13:48:06.652,8.84022,8.84113,1.19,1.00
2014.03.19 13:48:06.804,8.84016,8.84113,1.19,1.00
2014.03.19 13:48:11.155,8.84007,8.84113,1.19,1.00
2014.03.19 13:48:13.270,8.84015,8.84113,1.19,1.19
2014.03.19 13:48:15.889,8.84015,8.84113,1.19,1.00
2014.03.19 13:48:16.294,8.84006,8.84145,1.19,1.19
2014.03.19 13:48:16.981,8.84017,8.84137,1.19,1.25
2014.03.19 13:48:18.470,8.84017,8.84137,1.19,1.19
2014.03.19 13:48:18.816,8.84006,8.84107,1.69,1.00
2014.03.19 13:48:22.545,8.84006,8.84107,1.19,1.00
2014.03.19 13:48:25.047,8.84006,8.84107,1.19,1.00
2014.03.19 13:48:26.889,8.84006,8.84107,1.19,1.00
2014.03.19 13:48:27.226,8.83998,8.84137,1.19,1.19
2014.03.19 13:48:27.962,8.84007,8.84137,1.19,1.19
2014.03.19 13:48:29.175,8.84007,8.84107,1.19,1.00
2014.03.19 13:48:31.491,8.84009,8.84107,1.19,1.00
2014.03.19 13:48:35.289,8.84007,8.84107,1.19,1.00
2014.03.19 13:48:36.650,8.84007,8.84107,1.19,1.00
2014.03.19 13:48:37.860,8.84007,8.84107,1.00,1.19
2014.03.19 13:48:38.012,8.83996,8.84107,1.19,1.19
2014.03.19 13:48:38.960,8.83998,8.84137,1.19,1.19
2014.03.19 13:48:40.243,8.84006,8.84108,1.19,1.00
2014.03.19 13:48:44.498,8.84006,8.84108,1.19,1.00
2014.03.19 13:48:45.690,8.84006,8.84108,1.19,1.25
2014.03.19 13:48:48.929,8.84006,8.84108,1.19,1.00
2014.03.19 13:48:51.462,8.83979,8.84108,1.19,1.19
2014.03.19 13:48:51.513,8.83979,8.841,1.19,1.00
2014.03.19 13:48:51.564,8.83968,8.84082,1.50,1.19
2014.03.19 13:48:52.070,8.83948,8.84082,1.69,1.19
2014.03.19 13:48:52.223,8.83948,8.84067,1.69,1.19
2014.03.19 13:48:52.527,8.83948,8.84041,1.50,1.19
2014.03.19 13:48:52.738,8.83913,8.84041,1.19,1.19
2014.03.19 13:48:52.941,8.83898,8.84014,1.50,1.19
2014.03.19 13:48:53.042,8.83866,8.83977,1.00,1.19
2014.03.19 13:48:53.093,8.83855,8.83977,1.00,1.19
2014.03.19 13:48:53.144,8.83855,8.83962,1.00,1.19
2014.03.19 13:48:53.296,8.83846,8.83962,1.19,1.19
2014.03.19 13:48:54.128,8.83846,8.83962,1.00,1.19
2014.03.19 13:48:54.179,8.83838,8.83962,1.19,1.19
2014.03.19 13:48:55.298,8.83826,8.83959,1.19,1.19
2014.03.19 13:48:55.714,8.83826,8.83942,1.00,1.19
2014.03.19 13:48:56.217,8.83814,8.83926,1.00,1.19
2014.03.19 13:48:56.268,8.83806,8.83926,1.19,1.19
2014.03.19 13:48:57.200,8.83806,8.83909,1.00,1.19
2014.03.19 13:48:57.251,8.83797,8.83909,1.50,1.19
2014.03.19 13:48:57.557,8.83805,8.83909,1.00,1.19
2014.03.19 13:48:58.350,8.83797,8.83909,1.50,1.19
2014.03.19 13:49:00.250,8.83797,8.83901,1.50,1.19
2014.03.19 13:49:06.567,8.83797,8.8389,1.50,1.19
2014.03.19 13:49:06.668,8.83797,8.83908,1.50,1.19
2014.03.19 13:49:07.871,8.83803,8.83908,1.00,1.19
2014.03.19 13:49:08.973,8.83797,8.83908,1.50,1.19
2014.03.19 13:49:09.024,8.83797,8.83903,1.50,1.19
2014.03.19 13:49:11.738,8.83797,8.83882,1.50,1.19
2014.03.19 13:49:12.390,8.83797,8.839,1.50,1.19
2014.03.19 13:49:14.728,8.83797,8.83889,1.50,1.19
2014.03.19 13:49:16.225,8.83797,8.83892,1.50,1.19
2014.03.19 13:49:17.189,8.83797,8.83906,1.50,1.19
2014.03.19 13:49:18.523,8.83797,8.83903,1.50,1.19
2014.03.19 13:49:22.471,8.83797,8.83906,1.50,1.19
2014.03.19 13:49:27.430,8.83797,8.83896,1.50,1.19
2014.03.19 13:49:31.278,8.83797,8.83904,1.50,1.19
2014.03.19 13:49:32.436,8.83797,8.83882,1.50,1.19
2014.03.19 13:49:34.772,8.83797,8.83885,1.50,1.19
2014.03.19 13:49:38.883,8.83797,8.83897,1.50,1.19
2014.03.19 13:49:40.520,8.83797,8.83908,1.50,1.19
2014.03.19 13:49:43.321,8.83797,8.83905,1.50,1.19
2014.03.19 13:49:44.437,8.83797,8.83891,1.50,1.19
2014.03.19 13:49:44.962,8.83797,8.8387,1.50,1.00
2014.03.19 13:49:45.215,8.83765,8.83868,1.00,1.19
2014.03.19 13:49:45.266,8.83728,8.83859,1.69,1.19
2014.03.19 13:49:45.469,8.83728,8.83842,1.50,1.19
2014.03.19 13:49:45.942,8.83728,8.83823,1.50,1.19
2014.03.19 13:49:46.876,8.83665,8.83802,1.19,1.19
2014.03.19 13:49:46.977,8.83648,8.83791,1.69,1.19
2014.03.19 13:49:47.282,8.83648,8.83762,1.50,1.19
2014.03.19 13:49:49.489,8.83648,8.83743,1.50,1.19
2014.03.19 13:49:49.609,8.83603,8.83743,1.19,1.19
2014.03.19 13:49:50.066,8.83588,8.83723,1.69,1.19
2014.03.19 13:49:53.407,8.83593,8.83717,1.19,1.19
2014.03.19 13:49:53.988,8.83598,8.83717,1.00,1.19
2014.03.19 13:49:55.115,8.83598,8.83733,1.19,1.19
2014.03.19 13:49:57.452,8.83598,8.83722,1.19,1.19
2014.03.19 13:50:01.337,8.83598,8.83707,1.00,1.19
2014.03.19 13:50:01.783,8.83598,8.83726,1.19,1.19
2014.03.19 13:50:02.390,8.83598,8.83711,1.00,1.19
2014.03.19 13:50:02.542,8.83562,8.83711,1.19,1.19
2014.03.19 13:50:02.694,8.83548,8.83692,1.19,1.19
2014.03.19 13:50:03.690,8.83547,8.83679,1.19,1.19
2014.03.19 13:50:04.196,8.83548,8.83679,1.19,1.19
2014.03.19 13:50:04.934,8.83553,8.83679,1.19,1.19
2014.03.19 13:50:05.238,8.83559,8.83679,1.19,1.19
2014.03.19 13:50:07.503,8.83578,8.83704,1.19,1.19
2014.03.19 13:50:09.230,8.83578,8.83704,1.19,1.19
2014.03.19 13:50:11.833,8.83588,8.83723,1.19,1.19
2014.03.19 13:50:14.408,8.83585,8.83725,1.19,1.19
2014.03.19 13:50:21.679,8.83608,8.83725,1.19,1.00
2014.03.19 13:50:21.831,8.83627,8.83725,1.00,1.00
2014.03.19 13:50:22.167,8.83627,8.83725,1.19,1.00
2014.03.19 13:50:23.884,8.83637,8.83725,1.00,1.00
2014.03.19 13:50:25.163,8.83648,8.83725,1.00,1.00
2014.03.19 13:50:27.342,8.83637,8.83725,1.00,1.00
2014.03.19 13:50:27.424,8.83637,8.83725,1.19,1.00
2014.03.19 13:50:35.898,8.83637,8.83725,1.19,1.00
2014.03.19 13:50:37.908,8.83627,8.83725,1.19,1.00
2014.03.19 13:50:38.009,8.83627,8.83744,1.00,1.19
2014.03.19 13:50:38.445,8.83627,8.83711,1.00,1.00
2014.03.19 13:50:38.547,8.83607,8.83711,1.19,1.00
2014.03.19 13:50:42.002,8.83608,8.83711,1.19,1.19
2014.03.19 13:50:46.439,8.83608,8.83711,1.19,1.00
2014.03.19 13:50:50.523,8.83608,8.83711,1.19,1.00
2014.03.19 13:50:53.969,8.83608,8.83711,1.19,1.00
2014.03.19 13:50:57.784,8.83608,8.83711,1.00,1.19
2014.03.19 13:50:58.950,8.83608,8.83711,1.00,1.19
2014.03.19 13:51:03.913,8.83608,8.83711,1.19,1.19
2014.03.19 13:51:05.841,8.83608,8.83711,1.19,1.19
2014.03.19 13:51:07.429,8.83608,8.83711,1.19,1.19
2014.03.19 13:51:10.546,8.83608,8.83711,1.00,1.19
2014.03.19 13:51:11.993,8.83608,8.83711,1.19,1.19
2014.03.19 13:51:13.719,8.83598,8.83711,1.19,1.19
2014.03.19 13:51:16.132,8.83598,8.83711,1.19,1.19
2014.03.19 13:51:17.451,8.83598,8.83711,1.19,1.19
2014.03.19 13:51:20.517,8.83598,8.83711,1.19,1.19
2014.03.19 13:51:22.444,8.83598,8.83711,1.19,1.19
2014.03.19 13:51:24.262,8.83598,8.83711,1.19,1.19
2014.03.19 13:51:30.201,8.83598,8.83711,1.19,1.19
2014.03.19 13:51:37.472,8.83588,8.83711,1.19,1.19
2014.03.19 13:51:40.937,8.83588,8.8373,1.19,1.19
2014.03.19 13:51:47.000,8.83588,8.83728,1.19,1.19
2014.03.19 13:51:50.867,8.83588,8.83736,1.19,1.19
2014.03.19 13:51:52.500,8.83588,8.83731,1.19,1.19
2014.03.19 13:52:04.656,8.83583,8.83722,1.19,1.19
2014.03.19 13:52:10.584,8.83587,8.83736,1.19,1.19
2014.03.19 13:52:15.642,8.83585,8.83734,1.19,1.19
2014.03.19 13:52:17.452,8.83584,8.83733,1.69,1.19
2014.03.19 13:52:18.654,8.83584,8.83721,1.19,1.19
2014.03.19 13:52:20.059,8.83584,8.83727,1.19,1.19
2014.03.19 13:52:21.093,8.83607,8.83727,1.00,1.19
2014.03.19 13:52:21.296,8.83607,8.83738,1.19,1.19
2014.03.19 13:52:21.627,8.83608,8.83748,1.19,1.19
2014.03.19 13:52:22.384,8.83633,8.83763,1.19,1.19
2014.03.19 13:52:22.487,8.8365,8.83773,1.19,1.19
2014.03.19 13:52:23.695,8.83656,8.83787,1.19,1.19
2014.03.19 13:52:24.187,8.83677,8.83787,1.19,1.00
2014.03.19 13:52:24.289,8.83677,8.83819,1.19,1.19
2014.03.19 13:52:26.913,8.83693,8.83834,1.19,1.19
2014.03.19 13:52:28.146,8.8369,8.83834,1.19,1.19
2014.03.19 13:52:28.450,8.83667,8.83706,1.50,13.00
2014.03.19 13:52:28.501,8.83557,8.83678,1.50,1.00
2014.03.19 13:52:28.653,8.83531,8.83687,1.19,1.19
2014.03.19 13:52:28.705,8.83538,8.83687,1.00,1.19
2014.03.19 13:52:29.075,8.83597,8.83733,1.69,1.69
2014.03.19 13:52:29.527,8.83607,8.83751,1.19,1.19
2014.03.19 13:52:31.666,8.83612,8.83751,1.19,1.19
2014.03.19 13:52:33.173,8.83612,8.83752,1.19,1.19
2014.03.19 13:52:34.686,8.83597,8.8368,1.50,1.19
2014.03.19 13:52:34.889,8.83542,8.8368,1.19,1.19
2014.03.19 13:52:36.488,8.83522,8.83671,1.19,1.19
2014.03.19 13:52:36.691,8.835,8.83627,1.19,1.19
2014.03.19 13:52:38.004,8.83483,8.83613,1.19,1.19
2014.03.19 13:52:39.240,8.83483,8.83602,1.00,1.19
2014.03.19 13:52:39.298,8.83473,8.83602,1.19,1.19
2014.03.19 13:52:41.178,8.83457,8.83585,1.19,1.19
2014.03.19 13:52:41.279,8.83409,8.83543,1.19,1.19
2014.03.19 13:52:42.478,8.83378,8.83522,1.19,1.19
2014.03.19 13:52:43.401,8.83378,8.83513,1.19,1.19
2014.03.19 13:52:44.579,8.83364,8.83483,1.19,1.00
2014.03.19 13:52:46.019,8.8337,8.83483,1.19,1.00
2014.03.19 13:52:46.888,8.83387,8.83483,1.19,1.00
2014.03.19 13:52:46.989,8.83393,8.83515,1.19,1.00
2014.03.19 13:52:47.040,8.83449,8.83542,1.19,1.50
2014.03.19 13:52:47.091,8.83449,8.83552,1.19,1.50
2014.03.19 13:52:47.143,8.83449,8.83573,1.19,1.50
2014.03.19 13:52:47.295,8.83449,8.83589,1.19,1.19
2014.03.19 13:52:48.738,8.83454,8.83598,1.19,1.19
2014.03.19 13:52:50.472,8.83459,8.83606,1.19,1.19
2014.03.19 13:52:51.656,8.83449,8.83598,1.19,1.19
2014.03.19 13:52:51.859,8.83507,8.83598,2.48,1.69
2014.03.19 13:52:51.960,8.8353,8.83633,1.79,1.00
2014.03.19 13:52:52.011,8.83558,8.83633,1.00,1.00
2014.03.19 13:52:52.265,8.83463,8.83592,1.00,1.19
2014.03.19 13:52:52.366,8.83447,8.83592,1.69,1.19
2014.03.19 13:52:52.468,8.83418,8.83569,1.19,1.19
2014.03.19 13:52:52.569,8.83442,8.83593,2.40,1.50
2014.03.19 13:52:53.084,8.83419,8.83569,1.69,1.19
2014.03.19 13:52:53.387,8.83476,8.83603,1.19,1.19
2014.03.19 13:52:57.484,8.83463,8.83603,1.19,1.19
2014.03.19 13:52:57.697,8.83439,8.83568,1.19,1.19
2014.03.19 13:52:58.000,8.83452,8.83593,1.19,1.69
2014.03.19 13:52:58.323,8.83487,8.83602,1.00,1.19
2014.03.19 13:53:00.228,8.83487,8.83605,1.00,1.19
2014.03.19 13:53:01.599,8.83487,8.83612,1.19,1.19
2014.03.19 13:53:01.938,8.83487,8.83593,1.00,1.69
2014.03.19 13:53:02.040,8.83417,8.83565,1.19,1.19
2014.03.19 13:53:07.507,8.83412,8.83545,1.19,1.19
2014.03.19 13:53:09.322,8.83412,8.83542,1.19,1.19
2014.03.19 13:53:11.257,8.83412,8.83535,1.19,1.19
2014.03.19 13:53:12.453,8.83412,8.83545,1.19,1.19
2014.03.19 13:53:12.656,8.83416,8.83545,1.19,1.00
2014.03.19 13:53:12.707,8.83438,8.83565,1.69,1.19
2014.03.19 13:53:12.758,8.83438,8.83568,1.69,1.19
2014.03.19 13:53:12.960,8.8345,8.83599,1.19,1.19
2014.03.19 13:53:15.761,8.83441,8.83588,1.19,1.19
2014.03.19 13:53:27.548,8.83452,8.83576,1.19,1.19
2014.03.19 13:53:29.183,8.83452,8.83596,1.19,1.19
2014.03.19 13:53:30.258,8.83446,8.83596,1.19,1.19
2014.03.19 13:53:30.838,8.83438,8.83552,1.69,1.19
2014.03.19 13:53:32.363,8.83438,8.83551,1.69,1.19
2014.03.19 13:53:33.446,8.83438,8.83544,1.69,1.19
2014.03.19 13:53:35.452,8.83438,8.8358,1.69,1.19
2014.03.19 13:53:35.503,8.83488,8.8358,1.00,1.19
2014.03.19 13:53:35.959,8.83508,8.83594,1.00,1.19
2014.03.19 13:53:39.284,8.83508,8.8361,1.00,1.19
2014.03.19 13:53:41.083,8.83518,8.8361,1.00,1.19
2014.03.19 13:53:42.111,8.83528,8.8361,1.00,1.19
2014.03.19 13:53:42.200,8.83528,8.83632,1.00,1.19
2014.03.19 13:53:43.647,8.83517,8.83632,1.19,1.19
2014.03.19 13:53:43.748,8.83517,8.83621,1.00,1.19
2014.03.19 13:53:47.169,8.83528,8.83621,1.00,1.19
2014.03.19 13:53:48.168,8.83538,8.83621,1.00,1.19
2014.03.19 13:53:48.887,8.83538,8.83634,1.00,1.19
2014.03.19 13:53:51.416,8.83538,8.83636,1.00,1.19
2014.03.19 13:53:53.321,8.83538,8.83637,1.00,1.19
2014.03.19 13:53:56.883,8.83538,8.8366,1.00,1.19
2014.03.19 13:53:59.243,8.83538,8.8366,1.19,1.19
2014.03.19 13:54:01.257,8.83538,8.83659,1.19,1.19
2014.03.19 13:54:03.695,8.83538,8.83646,1.00,1.19
2014.03.19 13:54:05.273,8.83538,8.83637,1.00,1.19
2014.03.19 13:54:06.304,8.83538,8.83636,1.00,1.19
2014.03.19 13:54:10.444,8.83538,8.83633,1.00,1.19
2014.03.19 13:54:13.312,8.83538,8.83628,1.00,1.19
2014.03.19 13:54:14.844,8.83538,8.83639,1.00,1.19
2014.03.19 13:54:16.866,8.83538,8.83651,1.19,1.19
2014.03.19 13:54:26.101,8.83538,8.83662,1.19,1.19
2014.03.19 13:54:26.438,8.83538,8.83651,1.00,1.19
2014.03.19 13:54:27.564,8.83538,8.83639,1.00,1.19
2014.03.19 13:54:29.062,8.83538,8.83643,1.00,1.19
2014.03.19 13:54:34.226,8.83538,8.83658,1.19,1.19
2014.03.19 13:54:34.950,8.83538,8.83639,1.00,1.19
2014.03.19 13:54:36.318,8.83538,8.83636,1.00,1.19
2014.03.19 13:54:43.064,8.83527,8.83636,1.00,1.19
2014.03.19 13:54:43.834,8.83538,8.83636,1.00,1.19
2014.03.19 13:54:44.993,8.83538,8.83652,1.25,1.19
2014.03.19 13:54:46.375,8.83538,8.83652,1.19,1.19
2014.03.19 13:54:53.058,8.83538,8.83675,1.19,1.19
2014.03.19 13:55:00.216,8.83538,8.83666,1.19,1.19
2014.03.19 13:55:02.468,8.83538,8.83653,1.00,1.19
2014.03.19 13:55:03.434,8.83538,8.83645,1.00,1.19
2014.03.19 13:55:05.346,8.83538,8.83647,1.00,1.19
2014.03.19 13:55:06.448,8.83538,8.83645,1.00,1.19
2014.03.19 13:55:09.666,8.83538,8.83648,1.00,1.19
2014.03.19 13:55:10.674,8.83538,8.83679,1.00,1.19
2014.03.19 13:55:12.493,8.83538,8.83679,1.19,1.19
2014.03.19 13:55:14.391,8.83538,8.83678,1.19,1.19
2014.03.19 13:55:15.394,8.83538,8.83677,1.19,1.19
2014.03.19 13:55:21.654,8.83538,8.83667,1.00,1.19
2014.03.19 13:55:23.463,8.83538,8.83657,1.00,1.19
2014.03.19 13:55:23.876,8.83515,8.83673,1.19,1.19
2014.03.19 13:55:23.978,8.83531,8.83677,1.19,1.19
2014.03.19 13:55:25.787,8.83533,8.83679,1.19,2.29
2014.03.19 13:55:25.889,8.83517,8.83667,1.69,1.79
2014.03.19 13:55:25.939,8.83515,8.83632,1.19,1.50
2014.03.19 13:55:26.245,8.83508,8.83613,1.00,1.19
2014.03.19 13:55:26.924,8.83508,8.836,1.00,1.00
2014.03.19 13:55:27.384,8.83508,8.836,1.00,1.19
2014.03.19 13:55:31.616,8.83508,8.83592,1.00,1.00
2014.03.19 13:55:31.964,8.83487,8.83592,1.19,1.00
2014.03.19 13:55:33.665,8.83487,8.83592,1.19,1.25
2014.03.19 13:55:35.475,8.83487,8.83592,1.19,1.00
2014.03.19 13:55:39.949,8.83487,8.83592,1.19,1.19
2014.03.19 13:55:41.152,8.83487,8.83592,1.19,1.19
2014.03.19 13:55:46.398,8.83487,8.83602,1.19,1.19
2014.03.19 13:55:47.432,8.8346,8.83602,1.19,1.19
2014.03.19 13:55:49.133,8.83479,8.83602,1.19,1.00
2014.03.19 13:55:49.234,8.83514,8.83602,1.19,1.00
2014.03.19 13:55:49.285,8.83514,8.83632,1.19,1.50
2014.03.19 13:55:49.336,8.83514,8.83648,1.19,1.19
2014.03.19 13:55:49.539,8.83527,8.83676,1.19,1.19
2014.03.19 13:55:52.733,8.83538,8.83672,1.19,1.19
2014.03.19 13:55:54.672,8.83538,8.83673,1.19,1.19
2014.03.19 13:56:01.247,8.83538,8.83674,1.19,1.19
2014.03.19 13:56:12.638,8.83538,8.83674,1.19,1.19
2014.03.19 13:56:23.903,8.83538,8.83679,1.19,1.19
2014.03.19 13:56:27.273,8.83538,8.83649,1.19,1.19
2014.03.19 13:56:27.478,8.83538,8.83629,1.19,1.00
2014.03.19 13:56:27.681,8.83532,8.8364,1.19,1.19
2014.03.19 13:56:27.783,8.83532,8.8364,1.00,1.19
2014.03.19 13:56:28.617,8.83507,8.83645,1.69,1.19
2014.03.19 13:56:28.669,8.83507,8.8363,1.69,1.19
2014.03.19 13:56:32.711,8.83471,8.83618,1.19,1.19
2014.03.19 13:56:32.889,8.83483,8.83622,1.19,1.19
2014.03.19 13:56:32.991,8.83504,8.83647,1.19,1.19
2014.03.19 13:56:35.624,8.83512,8.83647,1.19,1.19
2014.03.19 13:56:39.700,8.83512,8.83631,1.00,1.19
2014.03.19 13:56:40.213,8.83512,8.83651,1.19,1.19
2014.03.19 13:56:40.416,8.83512,8.83661,1.19,1.19
2014.03.19 13:56:40.924,8.83508,8.83645,1.19,1.19
2014.03.19 13:56:41.975,8.83497,8.83619,1.19,1.19
2014.03.19 13:56:43.128,8.83477,8.83599,1.19,1.19
2014.03.19 13:56:47.572,8.83468,8.83587,1.00,1.19
2014.03.19 13:56:47.881,8.83468,8.83565,1.00,1.19
2014.03.19 13:56:48.786,8.83468,8.83557,1.00,1.19
2014.03.19 13:56:49.191,8.83468,8.83576,1.00,1.19
2014.03.19 13:56:51.842,8.83468,8.83567,1.00,1.19
2014.03.19 13:56:53.327,8.83477,8.83581,1.00,1.19
2014.03.19 13:56:54.567,8.83453,8.83581,1.19,1.19
2014.03.19 13:56:54.669,8.83453,8.8359,1.19,1.19
2014.03.19 13:56:54.770,8.83448,8.83575,1.19,1.19
2014.03.19 13:56:54.922,8.83458,8.83575,1.00,1.19
2014.03.19 13:56:54.973,8.83458,8.83595,1.19,1.19
2014.03.19 13:56:57.118,8.83477,8.83595,1.00,1.19
2014.03.19 13:57:01.730,8.83477,8.83603,1.19,1.19
2014.03.19 13:57:02.033,8.83481,8.83618,1.19,1.19
2014.03.19 13:57:02.236,8.83512,8.83618,1.19,1.00
2014.03.19 13:57:02.287,8.83512,8.83642,1.19,1.69
2014.03.19 13:57:03.427,8.83508,8.83647,1.19,1.19
2014.03.19 13:57:17.801,8.83522,8.83645,1.19,1.19
2014.03.19 13:57:19.016,8.83522,8.83656,1.19,1.19
2014.03.19 13:57:32.899,8.83522,8.83662,1.19,1.19
2014.03.19 13:57:37.617,8.83522,8.83666,1.19,1.19
2014.03.19 13:57:41.846,8.83522,8.83665,1.19,1.19
2014.03.19 13:57:47.614,8.83522,8.83667,1.19,1.19
2014.03.19 13:57:50.133,8.83522,8.83659,1.19,1.19
2014.03.19 13:57:55.653,8.83528,8.83659,1.19,1.19
2014.03.19 13:57:56.857,8.83523,8.83668,1.19,1.69
2014.03.19 13:57:59.723,8.83531,8.83668,1.19,1.19
2014.03.19 13:58:03.655,8.83536,8.83668,1.19,1.19
2014.03.19 13:58:08.700,8.83523,8.83667,1.19,1.19
2014.03.19 13:58:11.056,8.83523,8.8365,1.19,1.19
2014.03.19 13:58:13.183,8.83533,8.8366,1.19,1.19
2014.03.19 13:58:13.740,8.83562,8.83676,1.00,1.19
2014.03.19 13:58:14.437,8.83562,8.83673,1.00,1.19
2014.03.19 13:58:15.217,8.83562,8.83694,1.19,1.19
2014.03.19 13:58:15.586,8.83572,8.8372,1.19,1.19
2014.03.19 13:58:16.915,8.83582,8.83722,1.69,1.19
2014.03.19 13:58:18.178,8.83595,8.83722,1.19,1.00
2014.03.19 13:58:18.280,8.83607,8.83734,1.19,1.19
2014.03.19 13:58:23.160,8.836,8.83735,1.19,1.19
2014.03.19 13:58:24.410,8.83602,8.83735,1.19,1.19
2014.03.19 13:58:27.589,8.83623,8.83735,1.00,1.19
2014.03.19 13:58:32.524,8.83623,8.83721,1.00,1.19
2014.03.19 13:58:33.799,8.83623,8.83718,1.00,1.19
2014.03.19 13:58:40.355,8.83623,8.8373,1.00,1.19
2014.03.19 13:58:44.409,8.83623,8.83722,1.00,1.19
2014.03.19 13:58:49.069,8.83623,8.83732,1.00,1.19
2014.03.19 13:58:52.655,8.83623,8.83733,1.00,1.19
2014.03.19 13:58:55.610,8.83623,8.83721,1.00,1.19
2014.03.19 13:58:59.988,8.83623,8.83747,1.00,1.19
2014.03.19 13:59:02.860,8.83623,8.83751,1.00,1.19
2014.03.19 13:59:03.923,8.83623,8.8375,1.00,1.19
2014.03.19 13:59:04.262,8.83623,8.83735,1.00,1.19
2014.03.19 13:59:04.940,8.83623,8.83753,1.00,1.19
2014.03.19 13:59:05.481,8.83623,8.83772,1.19,1.19
2014.03.19 13:59:06.120,8.83704,8.83772,2.50,1.00
2014.03.19 13:59:06.171,8.83721,8.83783,2.50,2.25
2014.03.19 13:59:06.222,8.83769,8.83807,1.00,1.00
2014.03.19 13:59:06.273,8.83781,8.83848,1.00,1.00
2014.03.19 13:59:06.374,8.83782,8.8383,1.00,2.10
2014.03.19 13:59:06.526,8.83757,8.83815,1.50,1.79
2014.03.19 13:59:06.576,8.83747,8.83791,1.50,1.19
2014.03.19 13:59:06.678,8.83692,8.83791,1.00,1.19
2014.03.19 13:59:06.901,8.83658,8.83791,1.19,1.19
2014.03.19 13:59:07.664,8.83636,8.83777,1.19,1.19
2014.03.19 13:59:08.682,8.83623,8.83764,1.19,1.19
2014.03.19 13:59:10.713,8.83623,8.83753,1.19,1.19
2014.03.19 13:59:13.394,8.83623,8.83755,1.19,1.19
2014.03.19 13:59:14.334,8.83623,8.83741,1.00,1.19
2014.03.19 13:59:15.752,8.83587,8.83725,1.69,1.19
2014.03.19 13:59:17.267,8.83577,8.83703,1.19,1.19
2014.03.19 13:59:21.994,8.83577,8.83705,1.19,1.19
2014.03.19 13:59:23.742,8.83594,8.83705,1.00,1.19
2014.03.19 13:59:23.844,8.83594,8.83722,1.19,1.19
2014.03.19 13:59:27.169,8.83592,8.83713,1.00,1.19
2014.03.19 13:59:27.322,8.83575,8.83713,1.19,1.19
2014.03.19 13:59:31.914,8.83575,8.8371,1.19,1.19
2014.03.19 13:59:32.233,8.83575,8.83676,1.00,1.19
2014.03.19 13:59:32.284,8.83555,8.83676,1.50,1.19
2014.03.19 13:59:33.348,8.83545,8.83676,1.19,1.19
2014.03.19 13:59:34.769,8.83545,8.83656,1.00,1.19
2014.03.19 13:59:37.657,8.83537,8.83655,1.00,1.19
2014.03.19 13:59:37.990,8.83517,8.8365,1.69,1.19
2014.03.19 13:59:38.708,8.83517,8.8365,1.69,1.19
2014.03.19 13:59:42.113,8.83517,8.83643,1.69,1.19
2014.03.19 13:59:44.155,8.83517,8.8365,1.69,1.19
2014.03.19 13:59:45.179,8.83487,8.83634,1.19,1.19
2014.03.19 13:59:49.313,8.83487,8.83622,1.19,1.19
2014.03.19 13:59:50.753,8.83484,8.83609,1.19,1.19
2014.03.19 13:59:52.391,8.83484,8.83599,1.00,1.19
2014.03.19 13:59:59.568,8.83484,8.8362,1.19,1.19
