2016.07.26 05:00:02.053,9.49516,9.49834,1.00,1.00
2016.07.26 05:00:10.555,9.49513,9.49835,1.00,1.00
2016.07.26 05:00:16.076,9.49515,9.49835,1.00,1.00
2016.07.26 05:00:16.177,9.49516,9.49835,1.00,1.00
2016.07.26 05:00:16.892,9.49515,9.49835,1.00,1.00
2016.07.26 05:00:17.380,9.49515,9.49834,1.00,1.00
2016.07.26 05:00:17.433,9.49513,9.49824,1.00,1.00
2016.07.26 05:00:17.484,9.49499,9.49824,1.00,1.00
2016.07.26 05:00:18.535,9.49506,9.49829,1.00,1.00
2016.07.26 05:00:19.738,9.49499,9.49825,1.00,1.00
2016.07.26 05:00:22.920,9.49499,9.49814,1.00,1.00
2016.07.26 05:00:23.122,9.49499,9.49824,1.00,1.00
2016.07.26 05:00:23.242,9.49499,9.49814,1.00,1.00
2016.07.26 05:00:23.883,9.49509,9.49814,1.00,1.00
2016.07.26 05:00:25.406,9.49509,9.49814,1.00,1.50
2016.07.26 05:00:25.457,9.49496,9.49814,1.00,1.50
2016.07.26 05:00:25.558,9.49495,9.49804,1.00,1.00
2016.07.26 05:00:27.283,9.49489,9.49804,1.00,1.00
2016.07.26 05:00:27.385,9.49486,9.49804,1.50,1.00
2016.07.26 05:00:27.435,9.49501,9.49804,1.50,1.00
2016.07.26 05:00:27.486,9.49501,9.49784,1.50,1.00
2016.07.26 05:00:27.537,9.49486,9.49784,1.00,1.00
2016.07.26 05:00:27.882,9.49492,9.49784,1.00,1.00
2016.07.26 05:00:28.086,9.49483,9.49784,1.00,1.00
2016.07.26 05:00:28.371,9.49496,9.49804,1.00,1.00
2016.07.26 05:00:29.550,9.49486,9.49794,1.00,1.00
2016.07.26 05:00:30.178,9.49486,9.49794,1.50,1.00
2016.07.26 05:00:30.375,9.49486,9.49794,1.00,1.00
2016.07.26 05:00:30.752,9.49496,9.49774,1.00,1.00
2016.07.26 05:00:33.365,9.49506,9.49784,1.00,1.00
2016.07.26 05:00:41.470,9.49495,9.49785,1.00,1.00
2016.07.26 05:01:06.125,9.49486,9.49784,1.00,1.00
2016.07.26 05:01:07.291,9.49486,9.49774,1.00,1.00
2016.07.26 05:01:13.749,9.49478,9.49774,1.00,1.00
2016.07.26 05:01:25.173,9.49477,9.49774,1.00,1.00
2016.07.26 05:01:30.928,9.49477,9.49764,1.00,1.00
2016.07.26 05:01:31.402,9.49476,9.49764,1.00,1.00
2016.07.26 05:01:32.020,9.49486,9.49774,1.00,1.00
2016.07.26 05:01:34.460,9.49496,9.49784,1.00,1.00
2016.07.26 05:01:43.379,9.49486,9.49784,1.00,1.00
2016.07.26 05:01:44.533,9.49485,9.49775,1.00,1.00
2016.07.26 05:01:46.182,9.49478,9.49764,1.00,1.00
2016.07.26 05:01:48.441,9.49476,9.49764,1.00,1.00
2016.07.26 05:01:50.319,9.49491,9.49764,1.00,1.00
2016.07.26 05:01:50.471,9.4949,9.49774,1.00,1.00
2016.07.26 05:01:50.623,9.49486,9.49774,1.00,1.00
2016.07.26 05:01:51.548,9.49476,9.49764,1.00,1.00
2016.07.26 05:01:53.854,9.49485,9.49765,1.00,1.00
2016.07.26 05:01:55.348,9.49496,9.49774,1.00,1.00
2016.07.26 05:01:56.561,9.49486,9.49764,1.00,1.00
2016.07.26 05:02:23.975,9.49486,9.49764,1.00,1.50
2016.07.26 05:02:24.178,9.49486,9.49764,1.00,1.00
2016.07.26 05:02:24.587,9.49466,9.49744,1.00,1.00
2016.07.26 05:02:25.690,9.49476,9.49754,1.00,1.00
2016.07.26 05:02:26.897,9.49485,9.49765,1.00,1.00
2016.07.26 05:02:30.255,9.49485,9.4972,1.00,1.00
2016.07.26 05:02:30.407,9.49476,9.4972,1.00,1.00
2016.07.26 05:02:30.733,9.49456,9.4972,1.00,1.00
2016.07.26 05:02:30.834,9.49456,9.49689,1.00,1.00
2016.07.26 05:02:32.102,9.49456,9.49695,1.00,1.00
2016.07.26 05:02:32.153,9.49456,9.49734,1.00,1.43
2016.07.26 05:02:32.255,9.49456,9.49734,1.00,1.06
2016.07.26 05:02:32.984,9.49466,9.49744,1.00,1.06
2016.07.26 05:02:44.844,9.49476,9.49754,1.00,1.06
2016.07.26 05:02:45.950,9.49466,9.49744,1.00,1.06
2016.07.26 05:03:02.227,9.49466,9.49744,1.00,1.37
2016.07.26 05:03:34.676,9.49455,9.49735,1.00,1.37
2016.07.26 05:03:35.763,9.49446,9.49724,1.00,1.37
2016.07.26 05:03:39.067,9.49456,9.49734,1.00,1.37
2016.07.26 05:04:02.490,9.49466,9.49744,1.00,1.37
2016.07.26 05:04:04.393,9.49456,9.49734,1.00,1.37
2016.07.26 05:04:43.583,9.49466,9.49744,1.00,1.37
2016.07.26 05:04:57.878,9.49456,9.49734,1.00,1.37
2016.07.26 05:04:59.049,9.49466,9.49744,1.00,1.37
2016.07.26 05:05:00.882,9.49456,9.49734,1.00,1.37
2016.07.26 05:05:02.051,9.49446,9.49724,1.00,1.37
2016.07.26 05:05:02.480,9.49426,9.49704,1.00,1.37
2016.07.26 05:05:03.653,9.49435,9.49715,1.00,1.37
2016.07.26 05:05:06.373,9.49456,9.49734,1.00,1.37
2016.07.26 05:05:06.678,9.49436,9.49714,1.00,1.37
2016.07.26 05:05:49.886,9.49426,9.49704,1.00,1.37
2016.07.26 05:05:54.731,9.49426,9.49704,1.00,1.00
2016.07.26 05:06:12.351,9.49416,9.49694,1.00,1.00
2016.07.26 05:06:13.566,9.49426,9.49704,1.00,1.00
2016.07.26 05:06:24.709,9.49426,9.49704,1.00,1.37
2016.07.26 05:06:28.430,9.49426,9.49704,1.00,1.00
2016.07.26 05:06:30.431,9.49429,9.49704,1.00,1.00
2016.07.26 05:06:30.684,9.49446,9.49724,1.00,1.00
2016.07.26 05:06:31.890,9.49456,9.49734,1.00,1.00
2016.07.26 05:06:32.944,9.49466,9.49744,1.00,1.00
2016.07.26 05:06:34.165,9.49476,9.49754,1.00,1.00
2016.07.26 05:06:37.663,9.49486,9.49764,1.00,1.00
2016.07.26 05:06:39.154,9.49476,9.49754,1.00,1.00
2016.07.26 05:06:40.400,9.49486,9.49764,1.00,1.00
2016.07.26 05:06:42.677,9.49476,9.49754,1.00,1.00
2016.07.26 05:06:44.985,9.49485,9.49765,1.00,1.00
2016.07.26 05:06:46.169,9.49476,9.49754,1.00,1.00
2016.07.26 05:06:48.928,9.49486,9.49764,1.00,1.00
2016.07.26 05:06:51.302,9.49476,9.49754,1.00,1.00
2016.07.26 05:06:52.392,9.49486,9.49764,1.00,1.00
2016.07.26 05:06:53.615,9.49476,9.49754,1.00,1.00
2016.07.26 05:06:57.095,9.49486,9.49764,1.00,1.00
2016.07.26 05:06:58.576,9.49486,9.49764,1.00,1.37
2016.07.26 05:06:59.372,9.49475,9.49755,1.00,1.37
2016.07.26 05:07:00.140,9.49475,9.49755,1.00,1.00
2016.07.26 05:07:00.572,9.49486,9.49764,1.00,1.37
2016.07.26 05:07:01.725,9.49476,9.49754,1.00,1.37
2016.07.26 05:07:02.385,9.49476,9.49754,1.00,1.00
2016.07.26 05:07:02.436,9.49486,9.49754,1.00,1.00
2016.07.26 05:07:02.929,9.49496,9.49774,1.00,1.00
2016.07.26 05:07:03.578,9.49496,9.49774,1.00,1.37
2016.07.26 05:07:05.338,9.49506,9.49784,1.00,1.37
2016.07.26 05:07:08.421,9.49526,9.49804,1.00,1.37
2016.07.26 05:07:13.379,9.49526,9.49804,1.50,1.12
2016.07.26 05:07:13.430,9.49546,9.49824,1.00,1.37
2016.07.26 05:07:26.963,9.49536,9.49814,1.00,1.37
2016.07.26 05:07:28.054,9.49526,9.49804,1.00,1.37
2016.07.26 05:07:41.259,9.49536,9.49814,1.00,1.37
2016.07.26 05:07:51.816,9.49516,9.49794,1.00,1.37
2016.07.26 05:07:53.428,9.49526,9.49804,1.00,1.37
2016.07.26 05:07:55.721,9.49536,9.49814,1.00,1.37
2016.07.26 05:07:59.352,9.49546,9.49824,1.00,1.37
2016.07.26 05:08:16.744,9.49556,9.49826,1.00,1.37
2016.07.26 05:08:19.273,9.49556,9.49834,1.00,1.37
2016.07.26 05:08:23.155,9.49546,9.49824,1.00,1.37
2016.07.26 05:08:37.966,9.49536,9.49814,1.00,1.37
2016.07.26 05:08:39.063,9.49536,9.49814,1.00,1.00
2016.07.26 05:08:39.368,9.49546,9.49824,1.00,1.37
2016.07.26 05:08:40.418,9.49536,9.49814,1.00,1.37
2016.07.26 05:08:44.144,9.49536,9.49814,1.00,1.00
2016.07.26 05:08:51.289,9.49546,9.49824,1.00,1.00
2016.07.26 05:08:54.782,9.49556,9.49834,1.00,1.00
2016.07.26 05:09:08.996,9.49546,9.49824,1.00,1.00
2016.07.26 05:09:14.204,9.49546,9.49824,1.00,1.37
2016.07.26 05:09:14.508,9.49546,9.49824,1.00,1.00
2016.07.26 05:09:24.957,9.49536,9.49814,1.00,1.00
2016.07.26 05:09:26.118,9.49526,9.49804,1.00,1.00
2016.07.26 05:09:28.440,9.49516,9.49794,1.00,1.00
2016.07.26 05:09:29.632,9.49536,9.49814,1.00,1.00
2016.07.26 05:09:30.846,9.49526,9.49804,1.00,1.00
2016.07.26 05:09:33.547,9.49536,9.49814,1.00,1.00
2016.07.26 05:09:34.768,9.49526,9.49804,1.00,1.00
2016.07.26 05:09:35.958,9.49536,9.49814,1.00,1.00
2016.07.26 05:09:37.069,9.49526,9.49804,1.00,1.00
2016.07.26 05:09:39.609,9.49536,9.49814,1.00,1.00
2016.07.26 05:09:44.560,9.49536,9.49814,1.00,1.37
2016.07.26 05:09:45.175,9.49526,9.49804,1.00,1.37
2016.07.26 05:09:46.469,9.49536,9.49814,1.00,1.37
2016.07.26 05:09:47.940,9.49526,9.49804,1.00,1.37
2016.07.26 05:09:50.236,9.49516,9.49794,1.00,1.37
2016.07.26 05:09:51.437,9.49535,9.49815,1.00,1.37
2016.07.26 05:09:52.581,9.49525,9.49805,1.00,1.37
2016.07.26 05:09:55.742,9.49536,9.49814,1.00,1.37
2016.07.26 05:10:05.391,9.49526,9.49804,1.00,1.37
2016.07.26 05:10:06.556,9.49516,9.49794,1.00,1.37
2016.07.26 05:10:07.752,9.49526,9.49804,1.00,1.37
2016.07.26 05:10:08.866,9.49516,9.49794,1.00,1.37
2016.07.26 05:10:14.864,9.49526,9.49804,1.00,1.37
2016.07.26 05:10:15.994,9.49516,9.49794,1.00,1.37
2016.07.26 05:10:18.366,9.49526,9.49804,1.00,1.37
2016.07.26 05:10:19.475,9.49535,9.49815,1.00,1.37
2016.07.26 05:10:20.667,9.49525,9.49805,1.00,1.37
2016.07.26 05:10:21.869,9.49536,9.49814,1.00,1.37
2016.07.26 05:10:22.973,9.49516,9.49794,1.00,1.37
2016.07.26 05:10:26.781,9.49536,9.49814,1.00,1.37
2016.07.26 05:10:27.177,9.49536,9.49813,1.00,1.37
2016.07.26 05:10:27.883,9.49516,9.49794,1.00,1.37
2016.07.26 05:10:31.894,9.49526,9.49804,1.00,1.37
2016.07.26 05:10:33.104,9.49536,9.49814,1.00,1.37
2016.07.26 05:10:42.885,9.49526,9.49804,1.00,1.37
2016.07.26 05:10:44.124,9.49516,9.49794,1.00,1.37
2016.07.26 05:10:45.228,9.49536,9.49814,1.00,1.37
2016.07.26 05:10:47.519,9.49525,9.49805,1.00,1.37
2016.07.26 05:10:48.737,9.49515,9.49795,1.00,1.37
2016.07.26 05:10:57.144,9.49526,9.49804,1.00,1.37
2016.07.26 05:10:57.619,9.49546,9.49824,1.00,1.37
2016.07.26 05:10:58.417,9.49526,9.49804,1.00,1.37
2016.07.26 05:11:00.822,9.49536,9.49814,1.00,1.37
2016.07.26 05:11:01.323,9.49536,9.49814,1.00,1.00
2016.07.26 05:11:02.000,9.49526,9.49804,1.00,1.00
2016.07.26 05:11:03.125,9.49536,9.49814,1.00,1.00
2016.07.26 05:11:04.222,9.49516,9.49794,1.00,1.00
2016.07.26 05:11:05.429,9.49536,9.49814,1.00,1.00
2016.07.26 05:11:09.426,9.49525,9.49805,1.00,1.00
2016.07.26 05:11:10.508,9.49536,9.49814,1.00,1.00
2016.07.26 05:11:20.625,9.49526,9.49804,1.00,1.00
2016.07.26 05:11:21.836,9.49516,9.49794,1.00,1.00
2016.07.26 05:11:23.046,9.49526,9.49804,1.00,1.00
2016.07.26 05:11:24.120,9.49516,9.49794,1.00,1.00
2016.07.26 05:11:26.439,9.49526,9.49804,1.00,1.00
2016.07.26 05:11:26.950,9.49545,9.49825,1.00,1.00
2016.07.26 05:11:28.048,9.49536,9.49814,1.00,1.00
2016.07.26 05:11:29.231,9.49526,9.49804,1.00,1.00
2016.07.26 05:11:30.477,9.49536,9.49814,1.00,1.00
2016.07.26 05:11:31.359,9.49536,9.49814,1.00,1.37
2016.07.26 05:11:34.166,9.49526,9.49804,1.00,1.37
2016.07.26 05:11:37.477,9.49536,9.49814,1.00,1.37
2016.07.26 05:11:48.085,9.49536,9.49814,1.00,1.00
2016.07.26 05:11:49.344,9.49556,9.49834,1.00,1.37
2016.07.26 05:11:56.875,9.49556,9.49834,1.00,1.87
2016.07.26 05:11:57.027,9.49556,9.49834,1.00,1.37
2016.07.26 05:12:17.116,9.49556,9.49834,1.00,1.00
2016.07.26 05:12:17.889,9.49566,9.49844,1.00,1.37
2016.07.26 05:12:27.186,9.49576,9.49854,1.00,1.37
2016.07.26 05:12:28.328,9.49586,9.49864,1.00,1.37
2016.07.26 05:12:28.730,9.49566,9.49844,1.00,1.00
2016.07.26 05:12:29.378,9.49566,9.49844,1.00,1.37
2016.07.26 05:12:29.784,9.49576,9.49854,1.00,1.37
2016.07.26 05:12:31.687,9.49566,9.49844,1.00,1.37
2016.07.26 05:12:55.534,9.49556,9.49834,1.00,1.37
2016.07.26 05:13:10.926,9.49546,9.49824,1.00,1.37
2016.07.26 05:13:25.614,9.49546,9.49824,1.00,1.00
2016.07.26 05:13:37.965,9.49521,9.49844,1.00,1.87
2016.07.26 05:13:38.355,9.49525,9.49844,1.00,1.37
2016.07.26 05:13:42.064,9.49528,9.49835,1.00,1.37
2016.07.26 05:13:43.264,9.49545,9.49825,1.00,1.00
2016.07.26 05:13:45.137,9.49545,9.49825,1.00,1.37
2016.07.26 05:13:46.501,9.49545,9.49825,1.00,1.00
2016.07.26 05:13:59.739,9.49556,9.49834,1.00,1.00
2016.07.26 05:14:11.597,9.49566,9.49844,1.00,1.50
2016.07.26 05:14:16.631,9.49566,9.49844,1.00,1.87
2016.07.26 05:14:27.109,9.49556,9.49834,1.00,1.37
2016.07.26 05:14:35.848,9.49556,9.49834,1.00,1.00
2016.07.26 05:14:45.995,9.49595,9.49834,1.00,1.00
2016.07.26 05:14:46.147,9.49595,9.49844,1.00,1.00
2016.07.26 05:14:46.350,9.49595,9.49854,1.00,1.50
2016.07.26 05:14:46.401,9.49576,9.49854,1.00,1.50
2016.07.26 05:14:46.502,9.49602,9.49854,1.00,1.50
2016.07.26 05:14:47.360,9.49602,9.49854,1.00,1.00
2016.07.26 05:14:58.369,9.49602,9.49844,1.00,1.00
2016.07.26 05:15:03.351,9.49602,9.49834,1.00,1.00
2016.07.26 05:15:12.101,9.49567,9.49834,1.00,1.00
2016.07.26 05:15:12.202,9.49595,9.49834,1.00,1.00
2016.07.26 05:15:40.822,9.49595,9.49844,1.00,1.00
2016.07.26 05:15:58.650,9.49595,9.49865,1.00,1.00
2016.07.26 05:15:58.701,9.49608,9.49865,1.00,1.00
2016.07.26 05:15:59.855,9.49608,9.49854,1.00,1.00
2016.07.26 05:16:03.012,9.49608,9.49844,1.00,1.00
2016.07.26 05:16:05.195,9.49591,9.49844,1.00,1.00
2016.07.26 05:16:05.863,9.49591,9.49844,1.00,1.87
2016.07.26 05:16:05.914,9.49566,9.49844,1.00,1.87
2016.07.26 05:16:06.116,9.49546,9.49824,1.00,1.37
2016.07.26 05:16:07.227,9.49536,9.49814,1.00,1.37
2016.07.26 05:16:07.613,9.4954,9.49814,1.00,1.37
2016.07.26 05:16:07.918,9.49516,9.49794,1.00,1.37
2016.07.26 05:16:09.126,9.49526,9.49804,1.00,1.37
2016.07.26 05:16:10.959,9.49516,9.49794,1.00,1.37
2016.07.26 05:16:12.032,9.49506,9.49784,1.00,1.37
2016.07.26 05:16:21.425,9.49515,9.49795,1.00,1.37
2016.07.26 05:16:41.184,9.49526,9.49804,1.00,1.37
2016.07.26 05:16:41.398,9.49526,9.49804,1.00,1.87
2016.07.26 05:16:41.449,9.49506,9.49784,1.00,1.37
2016.07.26 05:16:50.051,9.49516,9.49794,1.00,1.37
2016.07.26 05:17:03.536,9.49516,9.49794,1.00,1.00
2016.07.26 05:17:08.923,9.49506,9.49784,1.00,1.00
2016.07.26 05:17:17.179,9.49496,9.49784,1.00,1.00
2016.07.26 05:17:33.633,9.49496,9.49784,1.00,1.37
2016.07.26 05:17:34.410,9.49496,9.49784,1.00,1.87
2016.07.26 05:17:34.635,9.49473,9.49754,1.00,1.06
2016.07.26 05:17:34.736,9.49473,9.49754,1.00,1.00
2016.07.26 05:17:35.435,9.4947,9.49754,1.00,1.00
2016.07.26 05:17:35.831,9.49476,9.49754,1.00,1.00
2016.07.26 05:17:36.237,9.49465,9.49734,1.00,1.00
2016.07.26 05:17:36.943,9.49463,9.49734,1.00,1.00
2016.07.26 05:17:37.146,9.49476,9.49754,1.00,1.00
2016.07.26 05:17:37.617,9.49463,9.49734,1.00,1.00
2016.07.26 05:17:40.946,9.4946,9.49734,1.00,1.00
2016.07.26 05:17:41.149,9.49463,9.49734,1.00,1.00
2016.07.26 05:17:41.968,9.49462,9.49734,1.00,1.00
2016.07.26 05:17:42.069,9.4946,9.49734,1.00,1.00
2016.07.26 05:17:43.362,9.49463,9.49734,1.00,1.00
2016.07.26 05:17:48.563,9.4946,9.49734,1.00,1.00
2016.07.26 05:17:49.668,9.49463,9.49734,1.00,1.00
2016.07.26 05:17:52.776,9.49462,9.49734,1.00,1.00
2016.07.26 05:17:54.316,9.49462,9.49724,1.00,1.00
2016.07.26 05:17:55.391,9.49463,9.49724,1.00,1.00
2016.07.26 05:17:55.517,9.49463,9.49734,1.00,1.00
2016.07.26 05:17:56.938,9.49463,9.49724,1.00,1.00
2016.07.26 05:17:57.167,9.49446,9.49724,1.00,1.00
2016.07.26 05:17:57.890,9.4946,9.49724,1.00,1.00
2016.07.26 05:17:59.322,9.4946,9.49734,1.00,1.00
2016.07.26 05:17:59.876,9.49456,9.49734,1.00,1.00
2016.07.26 05:18:00.423,9.49446,9.49724,1.00,1.00
2016.07.26 05:18:00.682,9.4946,9.49724,1.00,1.00
2016.07.26 05:18:01.688,9.49446,9.49724,1.00,1.00
2016.07.26 05:18:02.390,9.49463,9.49724,1.00,1.00
2016.07.26 05:18:03.710,9.49463,9.49724,1.00,1.50
2016.07.26 05:18:03.928,9.49463,9.49714,1.00,1.00
2016.07.26 05:18:05.234,9.49463,9.49704,1.00,1.00
2016.07.26 05:18:05.403,9.49426,9.49704,1.00,1.00
2016.07.26 05:18:06.905,9.49426,9.49704,1.50,1.00
2016.07.26 05:18:06.956,9.49456,9.49734,1.00,1.00
2016.07.26 05:18:07.580,9.49467,9.49734,1.00,1.00
2016.07.26 05:18:08.081,9.49467,9.49744,1.00,1.00
2016.07.26 05:18:09.242,9.49467,9.49734,1.00,1.00
2016.07.26 05:18:12.739,9.49467,9.49744,1.00,1.00
2016.07.26 05:18:13.941,9.49467,9.49734,1.00,1.00
2016.07.26 05:18:29.486,9.49476,9.49754,1.00,1.00
2016.07.26 05:18:30.666,9.49467,9.49744,1.00,1.00
2016.07.26 05:18:31.786,9.49476,9.49754,1.00,1.00
2016.07.26 05:18:32.991,9.49467,9.49744,1.00,1.00
2016.07.26 05:18:35.682,9.49476,9.49754,1.00,1.00
2016.07.26 05:18:38.643,9.49486,9.49764,1.00,1.00
2016.07.26 05:18:54.954,9.49476,9.49754,1.00,1.00
2016.07.26 05:19:12.147,9.49486,9.49764,1.00,1.00
2016.07.26 05:19:30.096,9.49475,9.49755,1.00,1.00
2016.07.26 05:19:56.497,9.49486,9.49764,1.00,1.00
2016.07.26 05:20:38.635,9.49476,9.49754,1.00,1.00
2016.07.26 05:21:12.370,9.49486,9.49764,1.00,1.00
2016.07.26 05:21:15.602,9.49496,9.49774,1.00,1.00
2016.07.26 05:21:45.560,9.49515,9.49795,1.00,1.00
2016.07.26 05:22:06.896,9.49526,9.49804,1.00,1.00
2016.07.26 05:22:08.077,9.49516,9.49794,1.00,1.00
2016.07.26 05:22:10.359,9.49536,9.49814,1.00,1.00
2016.07.26 05:22:39.925,9.49546,9.49824,1.00,1.00
2016.07.26 05:22:41.027,9.49536,9.49814,1.00,1.00
2016.07.26 05:25:03.525,9.4968,9.49814,1.00,1.00
2016.07.26 05:25:03.608,9.49697,9.49814,1.50,1.00
2016.07.26 05:25:03.659,9.49765,9.49818,1.00,1.00
2016.07.26 05:25:03.761,9.49646,9.49894,1.00,1.00
2016.07.26 05:25:03.862,9.49646,9.49894,1.00,1.00
2016.07.26 05:25:04.066,9.49696,9.49974,1.00,1.00
2016.07.26 05:25:04.320,9.49696,9.49974,1.00,1.12
2016.07.26 05:25:04.625,9.49696,9.49974,1.00,1.00
2016.07.26 05:25:05.083,9.49686,9.49964,1.00,1.00
2016.07.26 05:25:06.247,9.49666,9.49944,1.00,1.00
2016.07.26 05:25:07.349,9.49676,9.49954,1.00,1.00
2016.07.26 05:25:12.288,9.49666,9.49944,1.00,1.00
2016.07.26 05:25:14.556,9.49666,9.49954,1.00,1.00
2016.07.26 05:25:16.879,9.49796,9.50033,1.00,1.37
2016.07.26 05:25:16.930,9.49796,9.50044,1.67,1.37
2016.07.26 05:25:16.981,9.49796,9.50054,1.67,1.37
2016.07.26 05:25:17.134,9.49796,9.50054,1.00,1.00
2016.07.26 05:25:17.185,9.49786,9.50064,1.00,1.00
2016.07.26 05:25:17.338,9.49808,9.50064,1.50,1.00
2016.07.26 05:25:17.389,9.49815,9.50115,1.00,1.00
2016.07.26 05:25:17.439,9.49819,9.50115,1.50,1.00
2016.07.26 05:25:17.946,9.49819,9.50114,1.50,1.00
2016.07.26 05:25:18.150,9.49819,9.50104,1.50,1.00
2016.07.26 05:25:18.360,9.49819,9.50104,1.50,1.50
2016.07.26 05:25:18.692,9.49819,9.50094,1.50,1.00
2016.07.26 05:25:20.674,9.49819,9.50074,1.50,1.00
2016.07.26 05:25:20.775,9.49806,9.50074,1.00,1.00
2016.07.26 05:25:21.362,9.49806,9.50064,1.00,1.00
2016.07.26 05:25:21.768,9.49801,9.50064,1.50,1.00
2016.07.26 05:25:21.870,9.49796,9.50064,1.00,1.00
2016.07.26 05:25:22.366,9.49801,9.50074,1.50,1.00
2016.07.26 05:25:22.468,9.49796,9.50074,1.00,1.00
2016.07.26 05:25:22.671,9.49826,9.50094,1.00,1.00
2016.07.26 05:25:23.007,9.49826,9.50074,1.00,1.00
2016.07.26 05:25:23.210,9.49802,9.50064,1.50,1.00
2016.07.26 05:25:23.261,9.49796,9.50064,1.00,1.00
2016.07.26 05:25:23.566,9.49801,9.50064,1.50,1.00
2016.07.26 05:25:23.667,9.49796,9.50064,1.00,1.00
2016.07.26 05:25:23.870,9.49796,9.50074,1.00,1.00
2016.07.26 05:25:24.174,9.49796,9.50084,1.00,1.00
2016.07.26 05:25:24.377,9.49826,9.50074,1.00,1.00
2016.07.26 05:25:24.706,9.49806,9.50064,1.00,1.00
2016.07.26 05:25:25.375,9.49806,9.50074,1.00,1.00
2016.07.26 05:25:25.679,9.49814,9.50084,1.00,1.00
2016.07.26 05:25:25.798,9.49806,9.50084,1.00,1.00
2016.07.26 05:25:25.899,9.49815,9.50094,1.00,1.00
2016.07.26 05:25:25.950,9.49819,9.50094,1.50,1.00
2016.07.26 05:25:26.052,9.49815,9.50094,1.00,1.00
2016.07.26 05:25:27.385,9.49819,9.50094,1.00,1.00
2016.07.26 05:25:27.487,9.49815,9.50094,1.00,1.00
2016.07.26 05:25:27.868,9.49815,9.50074,1.00,1.00
2016.07.26 05:25:28.175,9.49806,9.50064,1.00,1.00
2016.07.26 05:25:28.884,9.49806,9.50084,1.00,1.50
2016.07.26 05:25:29.228,9.49806,9.50084,1.00,1.00
2016.07.26 05:25:29.381,9.49816,9.50075,1.00,1.00
2016.07.26 05:25:29.685,9.49816,9.50064,1.00,1.00
2016.07.26 05:25:30.394,9.49796,9.50054,1.00,1.00
2016.07.26 05:25:30.709,9.49781,9.50054,1.50,1.50
2016.07.26 05:25:30.760,9.49776,9.50054,1.00,1.50
2016.07.26 05:25:30.913,9.49776,9.50044,1.00,1.00
2016.07.26 05:25:31.186,9.49776,9.50034,1.00,1.00
2016.07.26 05:25:31.687,9.49766,9.50034,1.00,1.00
2016.07.26 05:25:41.354,9.49776,9.50034,1.00,1.00
2016.07.26 05:25:41.558,9.49776,9.49994,1.00,1.00
2016.07.26 05:25:41.609,9.49761,9.49985,1.50,1.00
2016.07.26 05:25:41.711,9.49736,9.49985,1.00,1.00
2016.07.26 05:25:41.863,9.49736,9.49985,1.00,1.50
2016.07.26 05:25:41.914,9.49716,9.49974,1.00,1.00
2016.07.26 05:25:42.066,9.49716,9.49974,1.00,1.00
2016.07.26 05:25:42.117,9.49716,9.49984,1.00,1.00
2016.07.26 05:25:42.626,9.4972,9.49984,1.50,1.00
2016.07.26 05:25:42.728,9.49716,9.49984,1.00,1.00
2016.07.26 05:25:43.119,9.49716,9.49964,1.00,1.00
2016.07.26 05:25:43.427,9.49716,9.49974,1.00,1.00
2016.07.26 05:25:46.335,9.49716,9.49964,1.00,1.00
2016.07.26 05:25:47.419,9.49716,9.49974,1.00,1.00
2016.07.26 05:25:49.226,9.49796,9.49994,1.00,1.00
2016.07.26 05:25:49.430,9.49766,9.49994,1.00,1.00
2016.07.26 05:25:49.532,9.49796,9.50074,1.00,1.00
2016.07.26 05:25:49.633,9.49796,9.50074,1.00,1.50
2016.07.26 05:25:50.568,9.49786,9.50064,1.00,1.00
2016.07.26 05:25:52.377,9.49786,9.50044,1.00,1.00
2016.07.26 05:25:52.428,9.49823,9.50044,1.00,1.00
2016.07.26 05:25:52.581,9.49823,9.50095,1.00,1.00
2016.07.26 05:25:52.631,9.49872,9.50114,1.00,1.50
2016.07.26 05:25:52.683,9.49872,9.50114,1.00,1.00
2016.07.26 05:25:52.734,9.49919,9.50114,1.00,1.00
2016.07.26 05:25:52.957,9.49916,9.50134,1.00,1.00
2016.07.26 05:25:53.058,9.49916,9.50174,1.00,1.00
2016.07.26 05:25:53.109,9.49906,9.50174,1.00,1.00
2016.07.26 05:25:53.768,9.4991,9.50174,1.50,1.00
2016.07.26 05:25:53.819,9.49926,9.50174,1.00,1.00
2016.07.26 05:25:54.022,9.49929,9.50174,1.00,1.00
2016.07.26 05:25:54.074,9.49929,9.50205,1.00,1.00
2016.07.26 05:25:54.175,9.4993,9.50194,1.00,1.00
2016.07.26 05:25:55.073,9.4993,9.50194,1.00,1.00
2016.07.26 05:25:55.174,9.4993,9.50214,1.00,1.00
2016.07.26 05:25:55.708,9.4993,9.50214,1.00,1.50
2016.07.26 05:25:55.760,9.49931,9.50214,1.50,1.50
2016.07.26 05:25:55.862,9.4993,9.50214,1.00,1.50
2016.07.26 05:25:55.914,9.49935,9.50214,1.00,1.50
2016.07.26 05:25:56.016,9.49932,9.50214,1.50,1.50
2016.07.26 05:25:56.066,9.49906,9.50214,1.00,1.00
2016.07.26 05:25:56.269,9.49931,9.50204,1.50,1.00
2016.07.26 05:25:56.371,9.49931,9.50204,1.50,1.00
2016.07.26 05:25:56.473,9.49896,9.50184,1.00,1.00
2016.07.26 05:25:56.575,9.49934,9.50184,1.50,1.00
2016.07.26 05:25:56.669,9.49896,9.50184,1.00,1.00
2016.07.26 05:25:56.771,9.49931,9.50184,1.50,1.00
2016.07.26 05:25:56.872,9.49896,9.50184,1.00,1.00
2016.07.26 05:25:57.177,9.49896,9.50174,1.00,1.00
2016.07.26 05:25:57.228,9.49896,9.50184,1.00,1.00
2016.07.26 05:25:57.481,9.49931,9.50184,1.50,1.00
2016.07.26 05:25:57.583,9.49896,9.50184,1.00,1.00
2016.07.26 05:25:58.039,9.49907,9.50184,1.00,1.00
2016.07.26 05:25:58.090,9.49907,9.50164,1.00,1.00
2016.07.26 05:25:58.141,9.49931,9.50164,1.50,1.00
2016.07.26 05:25:58.192,9.49931,9.50145,1.50,1.00
2016.07.26 05:25:58.243,9.49916,9.50145,1.00,1.00
2016.07.26 05:25:58.435,9.49875,9.50134,1.00,1.00
2016.07.26 05:25:58.587,9.49901,9.50134,1.50,1.00
2016.07.26 05:25:58.689,9.49875,9.50134,1.00,1.00
2016.07.26 05:25:59.349,9.49866,9.50134,1.50,1.00
2016.07.26 05:25:59.399,9.49866,9.50114,1.00,1.00
2016.07.26 05:25:59.602,9.49894,9.50114,1.00,1.00
2016.07.26 05:25:59.704,9.49875,9.50114,1.00,1.00
2016.07.26 05:25:59.906,9.49872,9.50124,1.00,1.00
2016.07.26 05:26:00.056,9.49881,9.50124,1.50,1.00
2016.07.26 05:26:00.107,9.49881,9.50104,1.50,1.00
2016.07.26 05:26:00.157,9.4986,9.50104,1.00,1.00
2016.07.26 05:26:00.310,9.49868,9.50104,1.00,1.00
2016.07.26 05:26:00.361,9.49868,9.50104,1.00,1.50
2016.07.26 05:26:00.412,9.49856,9.50084,1.00,1.00
2016.07.26 05:26:00.649,9.4984,9.50084,1.00,1.00
2016.07.26 05:26:00.902,9.49816,9.50064,1.00,1.00
2016.07.26 05:26:01.004,9.49786,9.50064,1.00,1.00
2016.07.26 05:26:01.110,9.49786,9.50084,1.00,1.00
2016.07.26 05:26:01.161,9.49841,9.50084,1.50,1.00
2016.07.26 05:26:01.338,9.49786,9.50084,1.00,1.00
2016.07.26 05:26:01.389,9.49786,9.50094,1.00,1.00
2016.07.26 05:26:01.491,9.49841,9.50094,1.50,1.00
2016.07.26 05:26:01.607,9.49841,9.50104,1.50,1.00
2016.07.26 05:26:01.658,9.49786,9.50104,1.00,1.00
2016.07.26 05:26:01.759,9.49816,9.50104,1.00,1.00
2016.07.26 05:26:01.861,9.4984,9.50104,1.50,1.00
2016.07.26 05:26:01.962,9.49816,9.50104,1.00,1.00
2016.07.26 05:26:02.115,9.49816,9.50094,1.00,1.50
2016.07.26 05:26:02.267,9.49841,9.50094,1.50,1.50
2016.07.26 05:26:02.577,9.49816,9.50094,1.00,1.50
2016.07.26 05:26:02.882,9.49841,9.50094,1.50,1.50
2016.07.26 05:26:02.984,9.49806,9.50094,1.00,1.50
2016.07.26 05:26:03.085,9.49806,9.50084,1.00,1.00
2016.07.26 05:26:03.405,9.49806,9.50074,1.00,1.00
2016.07.26 05:26:04.062,9.49796,9.50074,1.00,1.00
2016.07.26 05:26:04.113,9.49796,9.50054,1.00,1.00
2016.07.26 05:26:04.395,9.49796,9.50074,1.00,1.00
2016.07.26 05:26:04.598,9.49796,9.50094,1.00,1.00
2016.07.26 05:26:05.263,9.49786,9.50094,1.00,1.00
2016.07.26 05:26:05.594,9.49786,9.50094,1.50,1.00
2016.07.26 05:26:06.596,9.49796,9.50094,1.00,1.00
2016.07.26 05:26:09.599,9.49806,9.50094,1.00,1.00
2016.07.26 05:26:12.831,9.49806,9.50094,1.00,1.00
2016.07.26 05:26:12.948,9.49795,9.50085,1.00,1.00
2016.07.26 05:26:13.073,9.49795,9.50085,1.00,1.00
2016.07.26 05:26:13.123,9.49796,9.50094,1.00,1.00
2016.07.26 05:26:13.345,9.49806,9.50094,1.00,1.00
2016.07.26 05:26:13.446,9.49912,9.50114,1.00,1.00
2016.07.26 05:26:14.581,9.49912,9.50104,1.00,1.00
2016.07.26 05:26:15.715,9.49936,9.50104,1.00,1.00
2016.07.26 05:26:16.099,9.49936,9.50124,1.00,1.00
2016.07.26 05:26:16.839,9.49928,9.50124,1.00,1.00
2016.07.26 05:26:17.093,9.49928,9.50104,1.00,1.00
2016.07.26 05:26:17.304,9.49928,9.50124,1.00,1.00
2016.07.26 05:26:20.528,9.49856,9.50124,1.20,1.00
2016.07.26 05:26:20.784,9.49856,9.50105,1.20,1.00
2016.07.26 05:26:21.116,9.49856,9.50124,1.20,1.00
2016.07.26 05:26:24.621,9.49856,9.50114,1.20,1.00
2016.07.26 05:26:24.672,9.49866,9.50114,1.00,1.00
2016.07.26 05:26:40.812,9.49866,9.50104,1.00,1.00
2016.07.26 05:26:41.357,9.49865,9.50104,1.00,1.00
2016.07.26 05:26:50.769,9.49871,9.50104,1.00,1.00
2016.07.26 05:26:58.917,9.49903,9.50104,1.00,1.00
2016.07.26 05:27:00.556,9.49903,9.50114,1.00,1.00
2016.07.26 05:27:00.860,9.49903,9.50104,1.00,1.00
2016.07.26 05:27:09.572,9.49903,9.50115,1.00,1.00
2016.07.26 05:27:14.864,9.49903,9.50125,1.00,1.00
2016.07.26 05:27:19.546,9.49903,9.50134,1.00,1.00
2016.07.26 05:27:20.064,9.49903,9.50124,1.00,1.00
2016.07.26 05:27:29.404,9.49903,9.50135,1.00,1.00
2016.07.26 05:27:58.979,9.49876,9.50135,1.00,1.00
2016.07.26 05:27:59.376,9.49876,9.50124,1.00,1.00
2016.07.26 05:28:00.578,9.49876,9.50134,1.00,1.00
2016.07.26 05:28:00.780,9.49876,9.50124,1.00,1.00
2016.07.26 05:28:01.778,9.49876,9.50134,1.00,1.00
2016.07.26 05:28:02.284,9.49875,9.50124,1.00,1.00
2016.07.26 05:28:02.810,9.49876,9.50124,1.00,1.00
2016.07.26 05:28:03.761,9.49905,9.50124,1.00,1.00
2016.07.26 05:28:11.318,9.49905,9.50134,1.00,1.00
2016.07.26 05:28:11.632,9.49905,9.50124,1.00,1.00
2016.07.26 05:28:28.608,9.49905,9.50104,1.00,1.00
2016.07.26 05:28:28.810,9.49905,9.50114,1.00,1.00
2016.07.26 05:28:28.911,9.49921,9.50114,1.00,1.00
2016.07.26 05:28:29.310,9.49897,9.50124,1.00,1.00
2016.07.26 05:28:29.861,9.49897,9.50134,1.00,1.00
2016.07.26 05:28:30.312,9.49897,9.50104,1.00,1.00
2016.07.26 05:28:30.633,9.49897,9.50124,1.00,1.00
2016.07.26 05:28:31.638,9.4992,9.50104,1.00,1.00
2016.07.26 05:28:32.119,9.49917,9.50104,1.00,1.00
2016.07.26 05:28:36.533,9.49917,9.50124,1.00,1.00
2016.07.26 05:28:36.642,9.49897,9.50124,1.00,1.00
2016.07.26 05:28:37.571,9.49897,9.50134,1.00,1.00
2016.07.26 05:28:38.021,9.49897,9.50124,1.00,1.00
2016.07.26 05:28:39.022,9.49897,9.50134,1.00,1.00
2016.07.26 05:28:39.523,9.49897,9.50124,1.00,1.00
2016.07.26 05:28:40.525,9.49897,9.50134,1.00,1.00
2016.07.26 05:28:41.045,9.49897,9.50124,1.00,1.00
2016.07.26 05:28:41.831,9.49897,9.50134,1.00,1.00
2016.07.26 05:28:46.560,9.49897,9.50104,1.00,1.00
2016.07.26 05:28:46.857,9.49917,9.50104,1.00,1.00
2016.07.26 05:28:47.564,9.49917,9.50114,1.00,1.00
2016.07.26 05:29:02.682,9.49924,9.50114,1.00,1.00
2016.07.26 05:29:03.900,9.49924,9.50104,1.00,1.00
2016.07.26 05:29:21.311,9.49924,9.50114,1.00,1.00
2016.07.26 05:29:39.585,9.49924,9.50104,1.00,1.00
2016.07.26 05:29:52.964,9.49915,9.50104,1.00,1.00
2016.07.26 05:29:53.015,9.49915,9.50114,1.00,1.00
2016.07.26 05:29:56.830,9.49915,9.50104,1.00,1.00
2016.07.26 05:29:56.881,9.499,9.50104,1.00,1.00
2016.07.26 05:29:56.982,9.49916,9.50104,1.00,1.00
2016.07.26 05:29:57.053,9.49903,9.50104,1.00,1.00
2016.07.26 05:29:57.154,9.49923,9.50164,1.00,1.00
2016.07.26 05:29:57.205,9.49923,9.50184,1.00,1.00
2016.07.26 05:29:57.256,9.49937,9.50184,1.00,1.00
2016.07.26 05:29:57.675,9.49933,9.50184,1.00,1.00
2016.07.26 05:29:58.157,9.49933,9.50194,1.00,1.00
2016.07.26 05:29:58.208,9.49933,9.50204,1.00,1.00
2016.07.26 05:29:59.109,9.49933,9.50204,1.00,1.00
2016.07.26 05:29:59.160,9.4992,9.50204,1.00,1.00
2016.07.26 05:29:59.271,9.4994,9.50214,1.00,1.00
2016.07.26 05:29:59.583,9.4994,9.50205,1.00,1.00
2016.07.26 05:30:00.172,9.49945,9.50205,1.00,1.00
2016.07.26 05:30:00.223,9.49945,9.50224,1.00,1.00
2016.07.26 05:30:00.325,9.49945,9.50245,1.00,1.00
2016.07.26 05:30:00.416,9.49935,9.50233,1.00,1.37
2016.07.26 05:30:00.467,9.49918,9.50204,1.00,1.00
2016.07.26 05:30:00.673,9.49918,9.50194,1.00,1.00
2016.07.26 05:30:01.212,9.49918,9.50184,1.00,1.00
2016.07.26 05:30:06.857,9.49902,9.50184,1.00,1.00
2016.07.26 05:30:09.708,9.49902,9.50195,1.00,1.00
2016.07.26 05:30:10.793,9.49906,9.50194,1.00,1.00
2016.07.26 05:30:20.679,9.49906,9.50202,1.00,1.00
2016.07.26 05:30:21.185,9.49906,9.50194,1.00,1.00
2016.07.26 05:30:22.176,9.49906,9.50202,1.00,1.00
2016.07.26 05:30:22.660,9.49906,9.50194,1.00,1.00
2016.07.26 05:30:23.663,9.49906,9.50202,1.00,1.00
2016.07.26 05:30:24.174,9.49905,9.50195,1.00,1.00
2016.07.26 05:30:25.167,9.49906,9.50202,1.00,1.00
2016.07.26 05:30:25.668,9.49906,9.50194,1.00,1.00
2016.07.26 05:30:26.672,9.49906,9.50202,1.00,1.00
2016.07.26 05:30:27.174,9.49906,9.50194,1.00,1.00
2016.07.26 05:30:28.178,9.49906,9.50202,1.00,1.00
2016.07.26 05:30:28.679,9.49906,9.50194,1.00,1.00
2016.07.26 05:30:29.683,9.49906,9.50202,1.00,1.00
2016.07.26 05:30:30.184,9.49906,9.50194,1.00,1.00
2016.07.26 05:30:31.187,9.49905,9.50202,1.00,1.00
2016.07.26 05:30:31.688,9.49906,9.50194,1.00,1.00
2016.07.26 05:30:32.669,9.49906,9.50202,1.00,1.00
2016.07.26 05:30:33.199,9.49906,9.50194,1.00,1.00
2016.07.26 05:30:41.815,9.49902,9.50194,1.00,1.00
2016.07.26 05:30:42.815,9.49905,9.50195,1.00,1.00
2016.07.26 05:30:43.887,9.49902,9.50184,1.00,1.00
2016.07.26 05:30:49.288,9.49902,9.50174,1.00,1.00
2016.07.26 05:30:49.942,9.49917,9.50174,1.00,1.00
2016.07.26 05:30:52.232,9.49917,9.50184,1.00,1.00
2016.07.26 05:31:01.557,9.49917,9.50114,1.00,1.00
2016.07.26 05:31:06.993,9.499,9.50114,1.00,1.00
2016.07.26 05:31:11.231,9.49919,9.50114,1.00,1.00
2016.07.26 05:31:11.876,9.49904,9.50114,1.00,1.00
2016.07.26 05:32:11.922,9.49886,9.50114,1.00,1.00
2016.07.26 05:32:14.777,9.49909,9.50114,1.00,1.00
2016.07.26 05:32:30.577,9.49909,9.50104,1.00,1.00
2016.07.26 05:33:01.297,9.49909,9.50094,1.00,1.00
2016.07.26 05:33:14.461,9.49893,9.50094,1.00,1.00
2016.07.26 05:33:50.049,9.49893,9.50114,1.00,1.00
2016.07.26 05:33:50.368,9.49893,9.50104,1.00,1.00
2016.07.26 05:33:51.080,9.49893,9.50115,1.00,1.00
2016.07.26 05:33:51.369,9.49893,9.50084,1.00,1.00
2016.07.26 05:34:01.315,9.49893,9.50084,1.00,1.37
2016.07.26 05:34:01.366,9.49873,9.50114,1.00,1.37
2016.07.26 05:34:01.467,9.49845,9.50114,1.30,1.37
2016.07.26 05:34:01.518,9.49845,9.50114,1.00,1.37
2016.07.26 05:34:01.569,9.49826,9.50114,1.00,1.87
2016.07.26 05:34:01.671,9.49796,9.50064,1.00,1.37
2016.07.26 05:34:01.875,9.49776,9.50064,1.00,1.37
2016.07.26 05:34:02.168,9.49776,9.50074,1.00,1.37
2016.07.26 05:34:02.370,9.49766,9.50044,1.00,1.37
2016.07.26 05:34:02.674,9.49776,9.50044,1.00,1.37
2016.07.26 05:34:02.877,9.49746,9.50024,1.00,1.37
2016.07.26 05:34:03.185,9.49736,9.50024,1.00,1.37
2016.07.26 05:34:04.376,9.49736,9.50014,1.00,1.37
2016.07.26 05:34:05.015,9.49736,9.50024,1.00,1.37
2016.07.26 05:34:05.116,9.49736,9.50024,1.00,1.00
2016.07.26 05:34:18.315,9.49736,9.49999,1.00,1.00
2016.07.26 05:34:18.569,9.49696,9.49965,1.00,1.00
2016.07.26 05:34:18.620,9.49696,9.49959,1.00,1.00
2016.07.26 05:34:18.722,9.49646,9.49924,1.00,1.00
2016.07.26 05:34:18.773,9.49638,9.49914,1.00,1.00
2016.07.26 05:34:18.824,9.49636,9.49914,1.50,1.00
2016.07.26 05:34:18.875,9.49628,9.49904,1.00,1.00
2016.07.26 05:34:18.926,9.49626,9.49904,1.00,1.00
2016.07.26 05:34:18.977,9.49622,9.49884,1.00,1.00
2016.07.26 05:34:19.278,9.49622,9.49874,1.00,1.00
2016.07.26 05:34:19.331,9.49622,9.49894,1.00,1.00
2016.07.26 05:34:19.432,9.49618,9.49894,1.00,1.00
2016.07.26 05:34:19.640,9.49596,9.49884,1.00,1.00
2016.07.26 05:34:20.049,9.49596,9.49874,1.00,1.00
2016.07.26 05:34:20.578,9.49596,9.49874,1.00,1.00
2016.07.26 05:34:20.972,9.49613,9.49874,1.00,1.00
2016.07.26 05:34:27.638,9.497,9.49874,1.00,1.00
2016.07.26 05:34:27.740,9.49709,9.49894,1.00,1.00
2016.07.26 05:34:27.791,9.49709,9.49964,1.00,1.00
2016.07.26 05:34:27.853,9.49698,9.49934,1.00,1.00
2016.07.26 05:34:27.955,9.49676,9.49954,1.00,1.00
2016.07.26 05:34:28.027,9.49636,9.49954,1.00,1.00
2016.07.26 05:34:28.181,9.49616,9.49952,1.00,1.00
2016.07.26 05:34:28.384,9.49626,9.49954,1.00,1.00
2016.07.26 05:34:28.690,9.49626,9.49934,1.00,1.00
2016.07.26 05:34:29.075,9.49626,9.4989,1.00,1.00
2016.07.26 05:34:29.517,9.49626,9.49912,1.00,1.00
2016.07.26 05:34:29.618,9.49626,9.49904,1.00,1.00
2016.07.26 05:34:29.669,9.49646,9.49904,1.00,1.00
2016.07.26 05:34:29.975,9.49646,9.49894,1.00,1.00
2016.07.26 05:34:40.732,9.49635,9.49894,1.00,1.00
2016.07.26 05:34:41.820,9.49635,9.49884,1.00,1.00
2016.07.26 05:34:42.329,9.49636,9.49884,1.00,1.00
2016.07.26 05:34:56.642,9.49646,9.49884,1.00,1.00
2016.07.26 05:35:06.861,9.49646,9.49865,1.00,1.00
2016.07.26 05:35:06.912,9.49636,9.49865,1.00,1.00
2016.07.26 05:35:07.064,9.49636,9.49875,1.00,1.00
2016.07.26 05:35:07.348,9.49636,9.49884,1.00,1.00
2016.07.26 05:35:09.390,9.49646,9.49884,1.00,1.00
2016.07.26 05:35:14.119,9.49636,9.49884,1.00,1.00
2016.07.26 05:35:14.169,9.49636,9.49874,1.00,1.00
2016.07.26 05:35:17.484,9.49626,9.49874,1.00,1.00
2016.07.26 05:35:18.486,9.49636,9.49874,1.00,1.00
2016.07.26 05:35:18.878,9.49636,9.49864,1.00,1.00
2016.07.26 05:35:18.929,9.49616,9.49864,1.00,1.00
2016.07.26 05:35:19.334,9.49618,9.49864,1.00,1.00
2016.07.26 05:35:19.425,9.49606,9.49854,1.00,1.00
2016.07.26 05:35:19.526,9.49579,9.49854,1.00,1.00
2016.07.26 05:35:19.577,9.49579,9.49854,1.00,1.00
2016.07.26 05:35:19.628,9.49579,9.49864,1.00,1.00
2016.07.26 05:35:19.832,9.49576,9.49844,1.00,1.00
2016.07.26 05:35:19.884,9.49576,9.49844,1.00,1.00
2016.07.26 05:35:20.387,9.49576,9.49844,1.00,1.00
2016.07.26 05:35:20.438,9.49576,9.49883,1.00,1.00
2016.07.26 05:35:20.743,9.49586,9.49854,1.00,1.00
2016.07.26 05:35:21.332,9.49586,9.49855,1.00,1.00
2016.07.26 05:35:21.907,9.49596,9.49855,1.00,1.00
2016.07.26 05:35:22.912,9.49606,9.49855,1.00,1.00
2016.07.26 05:35:26.569,9.49606,9.49874,1.00,1.00
2016.07.26 05:35:26.706,9.49596,9.49874,1.00,1.50
2016.07.26 05:35:28.173,9.49606,9.49864,1.00,1.00
2016.07.26 05:35:31.161,9.49616,9.49864,1.00,1.00
2016.07.26 05:35:33.318,9.49605,9.49864,1.00,1.00
2016.07.26 05:35:33.600,9.49605,9.49854,1.00,1.00
2016.07.26 05:35:35.403,9.49606,9.49854,1.00,1.00
2016.07.26 05:35:35.606,9.49606,9.49874,1.00,1.00
2016.07.26 05:35:35.819,9.49606,9.49864,1.00,1.00
2016.07.26 05:35:37.328,9.49616,9.49864,1.00,1.00
2016.07.26 05:35:40.336,9.49626,9.49864,1.00,1.00
2016.07.26 05:35:41.380,9.49616,9.49864,1.00,1.00
2016.07.26 05:35:42.154,9.49606,9.49854,1.00,1.00
2016.07.26 05:35:42.357,9.49606,9.49865,1.00,1.00
2016.07.26 05:35:42.509,9.49606,9.49874,1.00,1.00
2016.07.26 05:35:46.770,9.49606,9.49867,1.00,1.00
2016.07.26 05:35:46.872,9.49586,9.49867,1.00,1.00
2016.07.26 05:35:48.162,9.49596,9.49867,1.00,1.00
2016.07.26 05:35:51.479,9.49586,9.49867,1.00,1.00
2016.07.26 05:35:59.921,9.49596,9.49867,1.00,1.00
2016.07.26 05:36:01.068,9.49596,9.49864,1.00,1.00
2016.07.26 05:36:05.559,9.49596,9.49874,1.00,1.00
2016.07.26 05:36:07.064,9.49596,9.49854,1.00,1.00
2016.07.26 05:36:10.139,9.49606,9.49854,1.00,1.00
2016.07.26 05:36:16.404,9.49606,9.49874,1.00,1.00
2016.07.26 05:36:20.100,9.49606,9.49884,1.00,1.50
2016.07.26 05:36:20.201,9.49595,9.49875,1.00,1.00
2016.07.26 05:36:24.756,9.49608,9.49875,1.00,1.00
2016.07.26 05:36:25.067,9.49596,9.49864,1.00,1.00
2016.07.26 05:36:25.813,9.49596,9.49874,1.00,1.00
2016.07.26 05:36:25.915,9.49596,9.49874,1.00,1.50
2016.07.26 05:36:26.764,9.49608,9.49874,1.00,1.50
2016.07.26 05:36:26.815,9.49608,9.49855,1.00,1.00
2016.07.26 05:36:49.307,9.49608,9.49864,1.00,1.00
2016.07.26 05:36:54.282,9.49608,9.49874,1.00,1.00
2016.07.26 05:36:59.444,9.49615,9.49874,1.00,1.00
2016.07.26 05:36:59.954,9.49608,9.49874,1.00,1.00
2016.07.26 05:37:00.957,9.49615,9.49874,1.00,1.00
2016.07.26 05:37:03.163,9.49615,9.49884,1.00,1.00
2016.07.26 05:37:03.686,9.49616,9.49884,1.00,1.00
2016.07.26 05:37:04.367,9.49636,9.49884,1.00,1.00
2016.07.26 05:37:05.369,9.49646,9.49884,1.00,1.00
2016.07.26 05:37:06.171,9.49646,9.49894,1.00,1.00
2016.07.26 05:37:06.768,9.49646,9.49904,1.00,1.00
2016.07.26 05:37:06.873,9.49656,9.49904,1.00,1.00
2016.07.26 05:37:07.276,9.49666,9.49904,1.00,1.00
2016.07.26 05:37:07.329,9.49666,9.49904,1.00,1.00
2016.07.26 05:37:07.587,9.49666,9.49924,1.00,1.50
2016.07.26 05:37:07.662,9.49666,9.49924,1.00,1.00
2016.07.26 05:37:07.995,9.49675,9.49934,1.00,1.00
2016.07.26 05:37:08.081,9.49675,9.49934,1.00,1.50
2016.07.26 05:37:08.190,9.49675,9.49934,1.00,1.00
2016.07.26 05:37:08.294,9.49675,9.49945,1.00,1.00
2016.07.26 05:37:08.397,9.49686,9.49945,1.00,1.00
2016.07.26 05:37:08.817,9.49686,9.49914,1.00,1.00
2016.07.26 05:37:08.919,9.49646,9.49904,1.00,1.00
2016.07.26 05:37:09.171,9.49646,9.49914,1.00,1.00
2016.07.26 05:37:09.527,9.49646,9.49909,1.00,1.50
2016.07.26 05:37:09.628,9.49656,9.49909,1.00,1.50
2016.07.26 05:37:09.821,9.49656,9.49924,1.00,1.50
2016.07.26 05:37:09.922,9.49656,9.49908,1.00,1.00
2016.07.26 05:37:10.024,9.49656,9.49914,1.00,1.00
2016.07.26 05:37:10.126,9.49656,9.49909,1.00,1.50
2016.07.26 05:37:10.298,9.49656,9.49914,1.00,1.00
2016.07.26 05:37:10.351,9.49656,9.49914,1.00,1.50
2016.07.26 05:37:10.404,9.49656,9.49879,1.00,1.50
2016.07.26 05:37:10.612,9.49656,9.49914,1.00,1.50
2016.07.26 05:37:12.564,9.49656,9.49914,1.00,1.00
2016.07.26 05:37:13.615,9.49666,9.4992,1.00,1.00
2016.07.26 05:37:14.895,9.49676,9.4992,1.00,1.00
2016.07.26 05:37:15.050,9.49676,9.4992,1.00,1.00
2016.07.26 05:37:15.204,9.49666,9.4992,1.00,1.00
2016.07.26 05:37:16.350,9.49666,9.49914,1.00,1.00
2016.07.26 05:37:16.433,9.49656,9.49914,1.00,1.50
2016.07.26 05:37:17.380,9.49656,9.49914,1.00,2.25
2016.07.26 05:37:17.909,9.49656,9.4991,1.00,1.00
2016.07.26 05:37:19.026,9.49656,9.49904,1.00,1.00
2016.07.26 05:37:19.128,9.49635,9.49895,1.00,1.00
2016.07.26 05:37:19.609,9.49646,9.49904,1.00,2.25
2016.07.26 05:37:20.324,9.49646,9.49904,1.00,1.50
2016.07.26 05:37:21.314,9.49646,9.49894,1.00,1.00
2016.07.26 05:37:21.415,9.49636,9.49894,1.00,1.50
2016.07.26 05:37:21.466,9.49636,9.49894,1.00,2.25
2016.07.26 05:37:21.517,9.49636,9.49894,1.00,1.50
2016.07.26 05:37:21.633,9.49646,9.49894,1.00,1.00
2016.07.26 05:37:22.667,9.49646,9.49904,1.00,2.25
2016.07.26 05:37:23.083,9.49646,9.49904,1.00,1.50
2016.07.26 05:37:23.839,9.49646,9.49904,1.00,1.00
2016.07.26 05:37:24.733,9.49656,9.49906,1.00,1.00
2016.07.26 05:37:27.624,9.49666,9.49906,1.00,1.00
2016.07.26 05:37:28.263,9.49656,9.49906,1.00,1.00
2016.07.26 05:37:28.315,9.49656,9.49906,1.00,1.00
2016.07.26 05:37:28.533,9.49656,9.49906,1.00,1.00
2016.07.26 05:37:28.685,9.49646,9.49904,1.00,1.50
2016.07.26 05:37:28.736,9.49646,9.49892,1.00,1.00
2016.07.26 05:37:28.942,9.49636,9.49892,1.00,1.00
2016.07.26 05:37:29.339,9.49636,9.49892,1.00,1.00
2016.07.26 05:37:29.390,9.49626,9.49884,1.00,1.00
2016.07.26 05:37:29.441,9.49626,9.49876,1.00,1.00
2016.07.26 05:37:29.542,9.49626,9.49876,1.00,1.00
2016.07.26 05:37:29.819,9.49626,9.49884,1.00,1.00
2016.07.26 05:37:30.550,9.49626,9.49874,1.00,1.00
2016.07.26 05:37:30.600,9.49616,9.49874,1.00,1.50
2016.07.26 05:37:32.115,9.49626,9.49874,1.00,1.00
2016.07.26 05:37:32.166,9.49626,9.49884,1.00,1.00
2016.07.26 05:37:33.611,9.49636,9.49894,1.00,1.50
2016.07.26 05:37:34.048,9.49636,9.49894,1.00,1.00
2016.07.26 05:37:34.187,9.49636,9.49865,1.00,1.00
2016.07.26 05:37:34.238,9.49626,9.49865,1.00,1.00
2016.07.26 05:37:34.450,9.49616,9.49865,1.00,1.00
2016.07.26 05:37:34.552,9.49616,9.49852,1.00,1.00
2016.07.26 05:37:34.655,9.49596,9.49852,1.00,1.00
2016.07.26 05:37:34.707,9.49596,9.49854,1.00,1.50
2016.07.26 05:37:35.153,9.49596,9.49836,1.00,1.00
2016.07.26 05:37:35.204,9.49596,9.49854,1.00,1.50
2016.07.26 05:37:35.758,9.49596,9.49854,1.00,1.00
2016.07.26 05:37:35.961,9.49606,9.49864,1.00,1.50
2016.07.26 05:37:36.205,9.49606,9.49864,1.00,1.00
2016.07.26 05:37:36.634,9.49606,9.49864,1.00,1.50
2016.07.26 05:37:37.357,9.49616,9.49864,1.00,1.00
2016.07.26 05:37:38.162,9.49616,9.49874,1.00,1.50
2016.07.26 05:37:39.346,9.49616,9.49874,1.00,1.00
2016.07.26 05:37:39.397,9.49616,9.49884,1.00,1.50
2016.07.26 05:37:39.448,9.49626,9.49884,1.00,1.50
2016.07.26 05:37:39.652,9.49626,9.49884,1.50,1.50
2016.07.26 05:37:39.703,9.49626,9.49884,1.50,1.00
2016.07.26 05:37:39.855,9.49636,9.49884,1.00,1.00
2016.07.26 05:37:39.906,9.49636,9.49884,1.50,1.00
2016.07.26 05:37:40.116,9.49636,9.49894,1.50,1.00
2016.07.26 05:37:40.353,9.49645,9.49894,1.00,1.00
2016.07.26 05:37:40.556,9.49645,9.49955,1.00,1.00
2016.07.26 05:37:40.658,9.49656,9.49923,1.00,1.00
2016.07.26 05:37:40.861,9.49656,9.49914,1.00,1.00
2016.07.26 05:37:41.372,9.49656,9.49913,1.00,1.00
2016.07.26 05:37:42.856,9.49646,9.49904,1.00,1.00
2016.07.26 05:37:43.009,9.49646,9.49904,1.00,1.50
2016.07.26 05:37:44.075,9.49646,9.49904,1.00,1.00
2016.07.26 05:37:44.856,9.49656,9.4991,1.00,1.00
2016.07.26 05:37:47.385,9.49666,9.4991,1.00,1.00
2016.07.26 05:37:47.486,9.49666,9.49889,1.00,1.50
2016.07.26 05:37:48.192,9.49666,9.49899,1.00,1.50
2016.07.26 05:37:48.294,9.49666,9.4991,1.00,1.00
2016.07.26 05:37:48.345,9.49666,9.49916,1.00,1.00
2016.07.26 05:37:48.418,9.49666,9.49899,1.00,1.50
2016.07.26 05:37:48.470,9.49666,9.49916,1.00,1.00
2016.07.26 05:37:48.571,9.49666,9.49899,1.00,1.50
2016.07.26 05:37:49.394,9.49666,9.49916,1.00,1.00
2016.07.26 05:37:50.745,9.49666,9.4992,1.00,1.00
2016.07.26 05:37:51.431,9.49676,9.4992,1.00,1.00
2016.07.26 05:37:52.637,9.49666,9.4992,1.00,1.00
2016.07.26 05:37:52.840,9.49666,9.49904,1.00,1.00
2016.07.26 05:37:52.942,9.49646,9.49904,1.00,1.50
2016.07.26 05:37:53.043,9.49646,9.49904,1.00,1.00
2016.07.26 05:37:53.601,9.49656,9.49914,1.00,1.50
2016.07.26 05:37:53.803,9.49656,9.49914,1.00,2.25
2016.07.26 05:37:57.164,9.49656,9.49904,1.00,1.00
2016.07.26 05:37:59.191,9.49656,9.49904,1.00,1.50
2016.07.26 05:37:59.242,9.49646,9.49904,1.00,2.25
2016.07.26 05:38:04.555,9.49646,9.49894,1.00,1.00
2016.07.26 05:38:05.147,9.49636,9.49894,1.00,1.00
2016.07.26 05:38:05.199,9.49636,9.49881,1.00,1.00
2016.07.26 05:38:05.403,9.49616,9.49874,1.00,1.00
2016.07.26 05:38:06.098,9.49616,9.49874,1.00,1.00
2016.07.26 05:38:06.550,9.49616,9.49874,1.00,1.50
2016.07.26 05:38:07.307,9.49616,9.49855,1.00,1.00
2016.07.26 05:38:07.409,9.49606,9.49855,1.00,1.00
2016.07.26 05:38:07.604,9.49606,9.49855,1.00,1.00
2016.07.26 05:38:08.106,9.49606,9.49855,1.00,1.00
2016.07.26 05:38:08.307,9.49606,9.49855,1.00,1.00
2016.07.26 05:38:09.328,9.49616,9.49855,1.00,1.00
2016.07.26 05:38:10.013,9.49616,9.49874,1.00,1.50
2016.07.26 05:38:10.162,9.49616,9.49874,1.00,1.00
2016.07.26 05:38:10.418,9.49606,9.49855,1.00,1.00
2016.07.26 05:38:11.667,9.49616,9.49855,1.00,1.00
2016.07.26 05:38:12.999,9.49606,9.49849,1.00,1.00
2016.07.26 05:38:13.611,9.49606,9.49864,1.00,1.50
2016.07.26 05:38:13.662,9.49596,9.49854,1.00,1.00
2016.07.26 05:38:13.773,9.49596,9.49854,1.00,1.00
2016.07.26 05:38:13.875,9.49606,9.49864,1.00,2.25
2016.07.26 05:38:14.275,9.49606,9.49864,1.00,1.50
2016.07.26 05:38:14.607,9.49606,9.49864,1.00,2.25
2016.07.26 05:38:19.021,9.49616,9.49864,1.00,1.50
2016.07.26 05:38:19.123,9.49606,9.49864,1.00,2.25
2016.07.26 05:38:19.287,9.49606,9.49864,1.00,1.50
2016.07.26 05:38:19.389,9.49596,9.49854,1.00,1.00
2016.07.26 05:38:20.623,9.49606,9.49864,1.00,1.50
2016.07.26 05:38:31.229,9.49616,9.49856,1.00,1.00
2016.07.26 05:38:31.831,9.49616,9.49856,1.00,1.00
2016.07.26 05:38:31.933,9.49616,9.49862,1.00,1.00
2016.07.26 05:38:32.302,9.49616,9.49862,1.00,1.00
2016.07.26 05:38:32.474,9.49616,9.49859,1.00,1.00
2016.07.26 05:38:32.837,9.49616,9.49859,1.00,1.00
2016.07.26 05:38:32.938,9.49605,9.49865,1.00,1.00
2016.07.26 05:38:33.127,9.49605,9.49855,1.00,1.00
2016.07.26 05:38:33.470,9.49605,9.49849,1.00,1.00
2016.07.26 05:38:43.533,9.49605,9.49864,1.00,1.00
2016.07.26 05:38:43.724,9.49586,9.49844,1.00,1.00
2016.07.26 05:38:44.062,9.49596,9.49854,1.00,1.00
2016.07.26 05:38:44.374,9.49586,9.49844,1.00,1.00
2016.07.26 05:38:48.329,9.49586,9.49844,1.00,1.00
2016.07.26 05:38:48.431,9.49596,9.49854,1.00,1.50
2016.07.26 05:38:53.236,9.49586,9.49844,1.00,1.00
2016.07.26 05:38:53.546,9.49586,9.49844,1.00,1.50
2016.07.26 05:38:54.536,9.49586,9.49844,1.00,1.00
2016.07.26 05:38:55.138,9.49596,9.49854,1.00,1.50
2016.07.26 05:38:55.347,9.49585,9.49845,1.00,1.00
2016.07.26 05:38:55.838,9.49585,9.49845,1.00,1.00
2016.07.26 05:38:57.556,9.49585,9.49845,1.00,1.00
2016.07.26 05:38:58.845,9.49596,9.49854,1.00,1.50
2016.07.26 05:38:59.495,9.49596,9.49849,1.00,1.00
2016.07.26 05:39:00.845,9.49606,9.49849,1.00,1.00
2016.07.26 05:39:01.577,9.49606,9.49849,1.00,1.00
2016.07.26 05:39:01.678,9.49596,9.49854,1.00,1.00
2016.07.26 05:39:02.374,9.49596,9.49842,1.00,1.00
2016.07.26 05:39:29.455,9.49606,9.49842,1.00,1.00
2016.07.26 05:39:31.663,9.49596,9.49842,1.00,1.00
2016.07.26 05:39:35.832,9.49605,9.49842,1.00,1.00
2016.07.26 05:39:38.877,9.49596,9.49845,1.00,1.00
2016.07.26 05:39:49.331,9.49596,9.49845,1.00,1.00
2016.07.26 05:39:49.382,9.49586,9.49838,1.00,1.00
2016.07.26 05:39:49.585,9.49586,9.49844,1.00,1.00
2016.07.26 05:39:49.636,9.49586,9.49844,1.00,1.00
2016.07.26 05:39:49.687,9.49566,9.49824,1.00,1.00
2016.07.26 05:39:50.153,9.49566,9.49824,1.00,1.50
2016.07.26 05:39:50.204,9.49576,9.49824,1.00,1.00
2016.07.26 05:39:50.658,9.49576,9.49834,1.00,2.25
2016.07.26 05:39:51.034,9.49576,9.49834,1.00,1.50
2016.07.26 05:39:51.187,9.49566,9.49824,1.00,1.00
2016.07.26 05:39:52.511,9.49566,9.49824,1.00,1.00
2016.07.26 05:39:53.199,9.49566,9.49821,1.00,1.00
2016.07.26 05:39:54.037,9.49566,9.49821,1.00,1.00
2016.07.26 05:39:54.189,9.49566,9.49824,1.00,1.00
2016.07.26 05:39:54.715,9.49566,9.4982,1.00,1.00
2016.07.26 05:39:55.514,9.49566,9.4982,1.00,1.00
2016.07.26 05:39:55.718,9.49566,9.49824,1.00,1.00
2016.07.26 05:39:55.819,9.49566,9.49824,1.00,1.00
2016.07.26 05:39:56.125,9.49556,9.49814,1.00,1.00
2016.07.26 05:39:56.451,9.49566,9.49824,1.00,1.00
2016.07.26 05:40:01.161,9.49576,9.49834,1.00,1.50
2016.07.26 05:40:01.313,9.49576,9.49822,1.00,1.00
2016.07.26 05:40:01.415,9.49576,9.49834,1.00,1.50
2016.07.26 05:40:01.466,9.49565,9.49825,1.00,1.00
2016.07.26 05:40:01.891,9.49565,9.49818,1.00,1.00
2016.07.26 05:40:06.397,9.49576,9.49818,1.00,1.00
2016.07.26 05:40:10.379,9.49586,9.49818,1.00,1.00
2016.07.26 05:40:10.649,9.49586,9.49844,1.00,2.25
2016.07.26 05:40:10.751,9.49586,9.49832,1.00,1.00
2016.07.26 05:40:11.550,9.49586,9.49832,1.00,1.00
2016.07.26 05:40:11.601,9.49576,9.49832,1.00,1.00
2016.07.26 05:40:11.729,9.49576,9.49819,1.00,1.00
2016.07.26 05:40:12.035,9.49586,9.49819,1.00,1.00
2016.07.26 05:40:15.059,9.49596,9.49819,1.00,1.00
2016.07.26 05:40:15.875,9.49596,9.49832,1.00,1.00
2016.07.26 05:40:16.991,9.49586,9.49832,1.00,1.00
2016.07.26 05:40:17.330,9.49586,9.49826,1.00,1.00
2016.07.26 05:40:17.532,9.49586,9.49844,1.00,1.50
2016.07.26 05:40:18.431,9.49576,9.49834,1.00,1.00
2016.07.26 05:40:18.849,9.49576,9.49819,1.00,1.00
2016.07.26 05:40:18.950,9.49576,9.49826,1.00,1.00
2016.07.26 05:40:19.880,9.49576,9.49826,1.00,1.00
2016.07.26 05:40:20.381,9.49576,9.49826,1.00,1.00
2016.07.26 05:40:20.958,9.49576,9.49834,1.00,1.00
2016.07.26 05:40:21.431,9.49576,9.49829,1.00,1.00
2016.07.26 05:40:22.640,9.49585,9.49829,1.00,1.00
2016.07.26 05:40:40.961,9.49585,9.49844,1.00,1.00
2016.07.26 05:40:41.062,9.49585,9.49826,1.00,1.00
2016.07.26 05:40:43.629,9.49596,9.49826,1.00,1.00
2016.07.26 05:40:43.680,9.49596,9.49832,1.00,1.00
2016.07.26 05:40:46.590,9.49596,9.49846,1.00,1.00
2016.07.26 05:40:47.551,9.49606,9.49846,1.00,1.00
2016.07.26 05:40:49.476,9.49606,9.49864,1.00,1.50
2016.07.26 05:40:49.577,9.49606,9.49846,1.00,1.00
2016.07.26 05:40:54.228,9.49606,9.49864,1.00,1.50
2016.07.26 05:40:55.292,9.49606,9.49864,1.00,1.00
2016.07.26 05:40:55.838,9.49606,9.49864,1.00,1.00
2016.07.26 05:40:55.939,9.49616,9.49874,1.00,1.50
2016.07.26 05:41:00.244,9.49616,9.4987,1.00,1.00
2016.07.26 05:41:02.460,9.49606,9.49864,1.00,1.00
2016.07.26 05:41:02.510,9.49606,9.49864,1.00,1.50
2016.07.26 05:41:09.924,9.49606,9.49864,1.00,1.00
2016.07.26 05:41:09.975,9.49616,9.4987,1.00,1.00
2016.07.26 05:41:11.571,9.49616,9.49874,1.00,1.50
2016.07.26 05:41:15.913,9.49596,9.49854,1.00,1.00
2016.07.26 05:41:17.034,9.49596,9.49854,1.00,1.50
2016.07.26 05:41:17.279,9.49596,9.49842,1.00,1.00
2016.07.26 05:41:25.102,9.49586,9.49842,1.00,1.00
2016.07.26 05:41:25.153,9.49586,9.49844,1.00,1.50
2016.07.26 05:41:25.461,9.49586,9.49836,1.00,1.00
2016.07.26 05:41:25.563,9.49586,9.49844,1.00,1.50
2016.07.26 05:41:25.682,9.49575,9.49835,1.00,1.00
2016.07.26 05:41:25.912,9.49586,9.49844,1.00,1.50
2016.07.26 05:41:26.663,9.49586,9.49836,1.00,1.00
2016.07.26 05:41:26.859,9.49586,9.49844,1.00,2.25
2016.07.26 05:41:26.916,9.49576,9.49834,1.00,1.00
2016.07.26 05:41:27.403,9.49566,9.49824,1.00,1.00
2016.07.26 05:41:31.337,9.49566,9.49824,1.00,1.00
2016.07.26 05:41:32.423,9.49576,9.49834,1.00,1.50
2016.07.26 05:41:33.252,9.49576,9.49829,1.00,1.00
2016.07.26 05:41:33.404,9.49576,9.49732,1.00,1.00
2016.07.26 05:41:33.455,9.49456,9.4971,1.50,1.00
2016.07.26 05:41:33.506,9.49464,9.49673,1.00,2.25
2016.07.26 05:41:33.557,9.49464,9.4965,1.00,1.00
2016.07.26 05:41:33.663,9.49456,9.4965,1.00,1.00
2016.07.26 05:41:33.715,9.49357,9.49655,1.00,1.00
2016.07.26 05:41:33.766,9.49343,9.49641,1.00,1.00
2016.07.26 05:41:33.969,9.49456,9.49641,1.10,1.00
2016.07.26 05:41:34.347,9.49456,9.49641,1.10,1.00
2016.07.26 05:41:34.499,9.49456,9.49641,1.10,1.00
2016.07.26 05:41:34.956,9.49343,9.49641,1.00,1.00
2016.07.26 05:41:35.903,9.49339,9.49637,1.00,1.00
2016.07.26 05:41:36.941,9.49344,9.49642,1.00,1.00
2016.07.26 05:41:37.871,9.49339,9.49637,1.00,1.00
2016.07.26 05:41:43.074,9.49456,9.49637,1.35,1.00
2016.07.26 05:41:44.179,9.49456,9.49638,1.35,1.00
2016.07.26 05:41:45.396,9.49456,9.49633,1.35,1.00
2016.07.26 05:41:46.377,9.49456,9.49638,1.35,1.00
2016.07.26 05:41:51.395,9.49446,9.49638,1.65,1.00
2016.07.26 05:41:51.868,9.49446,9.49638,1.00,1.00
2016.07.26 05:41:51.919,9.49446,9.49632,1.00,1.00
2016.07.26 05:41:51.989,9.49446,9.49632,1.00,1.00
2016.07.26 05:41:52.327,9.49446,9.49612,1.00,1.00
2016.07.26 05:41:52.378,9.49446,9.49612,1.42,1.00
2016.07.26 05:41:52.429,9.49446,9.49612,1.42,1.00
2016.07.26 05:42:04.504,9.49446,9.49624,1.42,1.00
2016.07.26 05:42:16.187,9.49446,9.49624,1.00,1.00
2016.07.26 05:42:16.375,9.49436,9.49624,1.00,1.00
2016.07.26 05:42:17.284,9.49436,9.49614,1.00,1.00
2016.07.26 05:42:18.519,9.49436,9.49624,1.00,1.00
2016.07.26 05:42:29.199,9.49436,9.49615,1.00,1.00
2016.07.26 05:42:31.910,9.49425,9.49615,1.00,1.00
2016.07.26 05:42:33.895,9.49436,9.49615,1.00,1.00
2016.07.26 05:42:36.920,9.49426,9.49615,1.00,1.00
2016.07.26 05:42:43.770,9.49426,9.49612,1.00,1.00
2016.07.26 05:42:50.628,9.49436,9.49612,1.00,1.00
2016.07.26 05:42:56.881,9.49426,9.49612,1.00,1.00
2016.07.26 05:42:57.852,9.49436,9.49612,1.00,1.00
2016.07.26 05:43:10.739,9.49436,9.49612,1.50,1.00
2016.07.26 05:43:10.841,9.49436,9.49627,1.50,1.00
2016.07.26 05:43:10.891,9.49436,9.49627,1.50,1.00
2016.07.26 05:43:11.588,9.49456,9.49627,1.00,1.00
2016.07.26 05:43:14.862,9.49466,9.49627,1.00,1.00
2016.07.26 05:43:19.832,9.49476,9.49627,1.00,1.00
2016.07.26 05:43:19.934,9.49466,9.49627,1.00,1.00
2016.07.26 05:43:39.098,9.49466,9.49653,1.00,1.00
2016.07.26 05:43:39.413,9.49466,9.49638,1.00,1.00
2016.07.26 05:43:40.078,9.49456,9.49638,1.00,1.00
2016.07.26 05:43:48.135,9.49506,9.49691,1.00,1.50
2016.07.26 05:43:48.236,9.49516,9.49663,1.00,1.00
2016.07.26 05:43:48.338,9.49466,9.49673,1.00,2.25
2016.07.26 05:43:48.518,9.49496,9.49724,1.00,1.00
2016.07.26 05:43:48.620,9.49496,9.49741,1.00,1.37
2016.07.26 05:43:48.686,9.49506,9.49767,1.00,1.37
2016.07.26 05:43:48.838,9.49506,9.49745,1.00,1.37
2016.07.26 05:43:48.940,9.49516,9.49745,1.00,1.37
2016.07.26 05:43:49.456,9.49526,9.49745,1.00,1.37
2016.07.26 05:43:49.608,9.49526,9.49695,1.00,1.00
2016.07.26 05:43:49.659,9.49526,9.49695,1.00,1.00
2016.07.26 05:43:52.144,9.49526,9.49695,1.00,1.00
2016.07.26 05:43:52.245,9.49526,9.49695,1.00,1.00
2016.07.26 05:44:02.511,9.49516,9.49695,1.00,1.00
2016.07.26 05:44:06.516,9.49516,9.49695,1.00,1.00
2016.07.26 05:44:06.618,9.49506,9.49695,1.00,1.00
2016.07.26 05:44:07.117,9.49515,9.49695,1.00,1.00
2016.07.26 05:44:07.479,9.49515,9.49695,1.00,1.00
2016.07.26 05:44:08.581,9.49515,9.49695,1.00,1.00
2016.07.26 05:44:09.970,9.49515,9.49695,1.00,1.00
2016.07.26 05:44:11.136,9.49515,9.49695,1.00,1.00
2016.07.26 05:44:12.089,9.49515,9.49695,1.00,1.00
2016.07.26 05:44:14.043,9.49515,9.49695,1.00,1.00
2016.07.26 05:44:14.094,9.49515,9.49695,1.00,1.00
2016.07.26 05:44:14.195,9.49515,9.49695,1.00,1.00
2016.07.26 05:44:15.358,9.49515,9.49695,1.00,1.00
2016.07.26 05:44:15.631,9.49506,9.49695,1.00,1.00
2016.07.26 05:44:15.876,9.49516,9.49695,1.00,1.00
2016.07.26 05:44:16.264,9.49516,9.49695,1.00,1.00
2016.07.26 05:44:20.078,9.49516,9.49719,1.00,1.00
2016.07.26 05:44:20.129,9.49496,9.49719,1.00,1.00
2016.07.26 05:44:20.180,9.49496,9.49661,1.00,1.00
2016.07.26 05:44:20.384,9.49486,9.49661,1.00,1.00
2016.07.26 05:44:20.587,9.49475,9.49697,1.00,1.00
2016.07.26 05:44:21.411,9.49466,9.49697,1.00,1.00
2016.07.26 05:44:22.378,9.49466,9.49658,1.00,1.00
2016.07.26 05:44:27.182,9.49466,9.49683,1.00,1.00
2016.07.26 05:44:27.870,9.49466,9.49685,1.00,1.00
2016.07.26 05:44:28.022,9.49456,9.49685,1.00,1.00
2016.07.26 05:44:47.203,9.49456,9.4966,1.00,1.00
2016.07.26 05:44:59.224,9.49456,9.49683,1.00,1.00
2016.07.26 05:45:00.366,9.49456,9.49668,1.00,1.00
2016.07.26 05:45:00.911,9.49445,9.49668,1.00,1.00
2016.07.26 05:45:05.195,9.49456,9.49668,1.00,1.00
2016.07.26 05:45:11.635,9.49446,9.49668,1.00,1.00
2016.07.26 05:45:15.925,9.49456,9.49668,1.00,1.00
2016.07.26 05:45:19.280,9.49456,9.49669,1.00,1.00
2016.07.26 05:45:21.124,9.49435,9.49669,1.00,1.00
2016.07.26 05:45:21.406,9.49446,9.49669,1.00,1.00
2016.07.26 05:45:28.611,9.49455,9.49669,1.00,1.00
2016.07.26 05:45:31.850,9.49446,9.49669,1.00,1.00
2016.07.26 05:45:32.595,9.49446,9.49668,1.00,1.00
2016.07.26 05:45:33.153,9.49456,9.49668,1.00,1.00
2016.07.26 05:45:34.428,9.49466,9.49668,1.00,1.00
2016.07.26 05:45:46.286,9.49456,9.49668,1.00,1.00
2016.07.26 05:45:52.918,9.49445,9.49668,1.00,1.00
2016.07.26 05:45:55.105,9.49456,9.49668,1.00,1.00
2016.07.26 05:46:03.429,9.49446,9.49668,1.00,1.00
2016.07.26 05:46:04.132,9.49455,9.49668,1.00,1.00
2016.07.26 05:46:07.947,9.49446,9.49668,1.00,1.00
2016.07.26 05:46:09.647,9.49456,9.49668,1.00,1.00
2016.07.26 05:46:10.674,9.49466,9.49668,1.00,1.00
2016.07.26 05:46:13.667,9.49476,9.49668,1.00,1.00
2016.07.26 05:46:14.769,9.49466,9.49668,1.00,1.00
2016.07.26 05:46:19.078,9.49456,9.49668,1.00,1.00
2016.07.26 05:46:23.834,9.49456,9.49669,1.00,1.00
2016.07.26 05:46:28.430,9.49456,9.49668,1.00,1.00
2016.07.26 05:46:28.933,9.49446,9.49668,1.00,1.00
2016.07.26 05:46:29.137,9.49456,9.49668,1.00,1.00
2016.07.26 05:46:44.477,9.49446,9.49668,1.00,1.00
2016.07.26 05:46:53.414,9.49436,9.49668,1.00,1.00
2016.07.26 05:46:54.911,9.49446,9.49668,1.00,1.00
2016.07.26 05:46:55.413,9.49436,9.49668,1.00,1.00
2016.07.26 05:46:56.707,9.49446,9.49668,1.00,1.00
2016.07.26 05:46:57.679,9.49436,9.49668,1.00,1.00
2016.07.26 05:47:01.234,9.49446,9.49668,1.00,1.00
2016.07.26 05:47:09.158,9.49456,9.49668,1.00,1.00
2016.07.26 05:47:20.643,9.49446,9.49668,1.00,1.00
2016.07.26 05:47:21.693,9.49456,9.49668,1.00,1.00
2016.07.26 05:47:22.395,9.49446,9.49668,1.00,1.00
2016.07.26 05:47:26.709,9.49456,9.49668,1.00,1.00
2016.07.26 05:47:29.417,9.49446,9.49668,1.00,1.00
2016.07.26 05:47:30.674,9.49456,9.49668,1.00,1.00
2016.07.26 05:47:45.363,9.49465,9.49668,1.00,1.00
2016.07.26 05:47:52.021,9.49456,9.49668,1.00,1.00
2016.07.26 05:47:52.905,9.49465,9.49668,1.00,1.00
2016.07.26 05:47:53.515,9.49465,9.49669,1.00,1.00
2016.07.26 05:47:54.037,9.49465,9.49668,1.00,1.00
2016.07.26 05:47:54.689,9.49466,9.49668,1.00,1.00
2016.07.26 05:47:55.694,9.49476,9.49668,1.00,1.00
2016.07.26 05:47:56.647,9.49486,9.49668,1.00,1.00
2016.07.26 05:48:00.626,9.49476,9.49668,1.00,1.00
2016.07.26 05:48:01.127,9.49485,9.49668,1.00,1.00
2016.07.26 05:48:07.901,9.49476,9.49668,1.00,1.00
2016.07.26 05:48:12.396,9.49466,9.49668,1.00,1.00
2016.07.26 05:48:26.985,9.49476,9.49668,1.00,1.00
2016.07.26 05:48:28.384,9.49476,9.49669,1.00,1.00
2016.07.26 05:48:48.444,9.49476,9.49668,1.00,1.00
2016.07.26 05:48:48.606,9.49466,9.49668,1.00,1.00
2016.07.26 05:48:48.891,9.49476,9.49668,1.00,1.00
2016.07.26 05:49:08.130,9.49466,9.49668,1.00,1.00
2016.07.26 05:49:09.198,9.49456,9.49668,1.00,1.00
2016.07.26 05:49:12.707,9.49466,9.49668,1.00,1.00
2016.07.26 05:49:42.883,9.49476,9.49668,1.00,1.00
2016.07.26 05:49:44.792,9.49466,9.49668,1.00,1.00
2016.07.26 05:49:45.906,9.49466,9.49669,1.00,1.00
2016.07.26 05:50:00.273,9.49466,9.49668,1.00,1.00
2016.07.26 05:50:00.472,9.49455,9.49668,1.00,1.00
2016.07.26 05:50:02.903,9.49466,9.49668,1.00,1.00
2016.07.26 05:50:04.752,9.49466,9.49669,1.00,1.00
2016.07.26 05:50:11.159,9.49466,9.49668,1.00,1.00
2016.07.26 05:50:13.849,9.49476,9.49668,1.00,1.00
2016.07.26 05:50:17.708,9.49486,9.49668,1.00,1.00
2016.07.26 05:50:18.710,9.49475,9.49668,1.00,1.00
2016.07.26 05:50:19.213,9.49486,9.49668,1.00,1.00
2016.07.26 05:50:20.199,9.49475,9.49668,1.00,1.00
2016.07.26 05:50:20.402,9.49486,9.49668,1.00,1.00
2016.07.26 05:50:32.591,9.49466,9.49668,1.00,1.00
2016.07.26 05:50:42.409,9.49476,9.49668,1.00,1.00
2016.07.26 05:50:47.921,9.49486,9.49668,1.00,1.00
2016.07.26 05:51:03.033,9.49496,9.49668,1.00,1.00
2016.07.26 05:51:04.675,9.49476,9.49668,1.00,1.00
2016.07.26 05:51:06.175,9.49486,9.49668,1.00,1.00
2016.07.26 05:51:40.429,9.49476,9.49668,1.00,1.00
2016.07.26 05:51:41.631,9.49486,9.49668,1.00,1.00
2016.07.26 05:52:12.426,9.49476,9.49669,1.00,1.00
2016.07.26 05:52:13.177,9.49476,9.49668,1.00,1.00
2016.07.26 05:52:16.049,9.49486,9.49668,1.00,1.00
2016.07.26 05:52:28.369,9.49496,9.49668,1.00,1.00
2016.07.26 05:52:36.788,9.49506,9.49668,1.00,1.00
2016.07.26 05:52:43.853,9.49496,9.49668,1.00,1.00
2016.07.26 05:52:48.440,9.49476,9.49668,1.00,1.00
2016.07.26 05:52:48.643,9.49485,9.49668,1.00,1.00
2016.07.26 05:52:53.730,9.49476,9.49668,1.00,1.00
2016.07.26 05:52:57.694,9.49486,9.49754,1.00,1.37
2016.07.26 05:52:57.795,9.49486,9.49754,1.00,1.00
2016.07.26 05:52:57.846,9.49486,9.49758,1.00,1.00
2016.07.26 05:52:57.897,9.49486,9.49774,1.00,1.00
2016.07.26 05:52:57.948,9.49486,9.49785,1.50,1.00
2016.07.26 05:52:57.999,9.49486,9.49794,1.50,1.50
2016.07.26 05:52:58.339,9.49496,9.49794,1.00,1.50
2016.07.26 05:52:58.687,9.49506,9.49784,1.00,1.00
2016.07.26 05:52:58.841,9.49506,9.49764,1.00,1.00
2016.07.26 05:52:59.658,9.49496,9.49764,1.00,1.00
2016.07.26 05:53:00.392,9.49506,9.49774,1.00,1.00
2016.07.26 05:53:00.660,9.49506,9.49784,1.00,1.50
2016.07.26 05:53:01.394,9.49506,9.49774,1.00,1.00
2016.07.26 05:53:02.667,9.49516,9.49774,1.00,1.00
2016.07.26 05:53:05.077,9.49526,9.49784,1.00,1.00
2016.07.26 05:53:17.738,9.49516,9.49774,1.00,1.00
2016.07.26 05:53:18.623,9.49506,9.49764,1.00,1.00
2016.07.26 05:53:20.414,9.49516,9.49768,1.00,1.00
2016.07.26 05:53:21.616,9.49506,9.49764,1.00,1.00
2016.07.26 05:53:26.026,9.49516,9.49768,1.00,1.00
2016.07.26 05:53:30.241,9.49516,9.49774,1.00,1.00
2016.07.26 05:53:34.655,9.49526,9.49784,1.00,1.00
2016.07.26 05:53:42.405,9.49506,9.49764,1.00,1.00
2016.07.26 05:53:43.698,9.49516,9.49774,1.00,1.00
2016.07.26 05:53:47.163,9.49526,9.49784,1.00,1.00
2016.07.26 05:53:54.203,9.49516,9.49774,1.00,1.00
2016.07.26 05:54:01.619,9.49526,9.49784,1.00,1.00
2016.07.26 05:54:08.062,9.49536,9.49785,1.00,1.00
2016.07.26 05:54:13.590,9.49526,9.49784,1.00,1.00
2016.07.26 05:54:32.912,9.49516,9.49774,1.00,1.00
2016.07.26 05:54:34.236,9.49506,9.49764,1.00,1.00
2016.07.26 05:54:34.614,9.49496,9.49754,1.00,1.00
2016.07.26 05:54:35.969,9.49506,9.49764,1.00,1.00
2016.07.26 05:54:37.130,9.49496,9.49754,1.00,1.00
2016.07.26 05:54:48.458,9.49506,9.49764,1.00,1.00
2016.07.26 05:54:49.872,9.49506,9.49774,1.00,1.00
2016.07.26 05:54:50.903,9.49516,9.49774,1.00,1.00
2016.07.26 05:54:53.389,9.49515,9.49775,1.00,1.00
2016.07.26 05:54:54.381,9.49526,9.49775,1.00,1.00
2016.07.26 05:54:58.414,9.49536,9.49775,1.00,1.00
2016.07.26 05:55:02.922,9.49526,9.49775,1.00,1.00
2016.07.26 05:55:05.575,9.49526,9.49784,1.00,1.00
2016.07.26 05:55:06.678,9.49526,9.49782,1.00,1.00
2016.07.26 05:55:07.536,9.49516,9.49774,1.00,1.00
2016.07.26 05:55:08.426,9.49496,9.49754,1.00,1.00
2016.07.26 05:55:10.642,9.49506,9.49764,1.00,1.00
2016.07.26 05:55:11.324,9.49496,9.49754,1.00,1.00
2016.07.26 05:55:18.629,9.49506,9.49764,1.00,1.00
2016.07.26 05:55:18.680,9.49506,9.49764,1.00,1.50
2016.07.26 05:55:19.760,9.49506,9.49764,1.00,1.00
2016.07.26 05:55:20.626,9.49506,9.49762,1.00,1.00
2016.07.26 05:55:28.348,9.49516,9.49762,1.00,1.00
2016.07.26 05:55:52.569,9.49506,9.49762,1.00,1.00
2016.07.26 05:55:52.899,9.49506,9.49764,1.00,1.00
2016.07.26 05:55:53.683,9.49506,9.49774,1.00,1.00
2016.07.26 05:55:54.669,9.49516,9.49774,1.00,1.00
2016.07.26 05:56:13.159,9.49506,9.49764,1.00,1.00
2016.07.26 05:56:24.902,9.49506,9.49774,1.00,1.00
2016.07.26 05:56:25.200,9.49506,9.49764,1.00,1.00
2016.07.26 05:56:25.522,9.49516,9.49774,1.00,1.00
2016.07.26 05:56:25.853,9.49506,9.49764,1.00,1.00
2016.07.26 05:56:47.886,9.49506,9.49774,1.00,1.00
2016.07.26 05:56:48.845,9.49516,9.49774,1.00,1.00
2016.07.26 05:57:01.133,9.49526,9.49782,1.00,1.00
2016.07.26 05:57:01.285,9.49526,9.49784,1.00,1.00
2016.07.26 05:57:02.295,9.49516,9.49774,1.00,1.00
2016.07.26 05:57:06.519,9.49526,9.49784,1.00,1.00
2016.07.26 05:57:21.048,9.49536,9.49789,1.00,1.00
2016.07.26 05:57:36.354,9.49536,9.49794,1.00,1.00
2016.07.26 05:57:38.178,9.49526,9.49784,1.00,1.00
2016.07.26 05:57:39.364,9.49536,9.49794,1.00,1.00
2016.07.26 05:57:44.286,9.49546,9.49799,1.00,1.00
2016.07.26 05:58:08.298,9.49536,9.49794,1.00,1.00
2016.07.26 05:58:11.957,9.49546,9.49804,1.00,1.00
2016.07.26 05:58:19.384,9.49556,9.49814,1.00,1.00
2016.07.26 05:58:19.685,9.49546,9.49804,1.00,1.00
2016.07.26 05:58:23.671,9.49556,9.49814,1.00,1.00
2016.07.26 05:58:31.681,9.49566,9.49824,1.00,1.00
2016.07.26 05:58:33.433,9.49576,9.49834,1.00,1.00
2016.07.26 05:58:37.407,9.49586,9.49839,1.00,1.00
2016.07.26 05:58:38.644,9.49576,9.49834,1.00,1.00
2016.07.26 05:58:39.750,9.49576,9.49832,1.00,1.00
2016.07.26 05:58:40.656,9.49576,9.49834,1.00,1.00
2016.07.26 05:58:41.659,9.49576,9.49832,1.00,1.00
2016.07.26 05:58:41.924,9.49566,9.49824,1.00,1.00
2016.07.26 05:58:43.154,9.49576,9.49832,1.00,1.00
2016.07.26 05:58:43.658,9.49576,9.49834,1.00,1.50
2016.07.26 05:58:46.870,9.49576,9.49834,1.00,1.00
2016.07.26 05:58:50.193,9.49586,9.49844,1.00,1.00
2016.07.26 05:59:00.171,9.49596,9.49854,1.00,1.00
2016.07.26 05:59:00.477,9.49586,9.49864,1.00,1.00
2016.07.26 05:59:00.629,9.49596,9.49866,1.00,1.00
2016.07.26 05:59:00.680,9.49596,9.49884,1.00,1.00
2016.07.26 05:59:00.833,9.49596,9.49868,1.00,1.50
2016.07.26 05:59:01.145,9.49596,9.49894,1.00,1.00
2016.07.26 05:59:01.878,9.49616,9.49894,1.00,1.00
2016.07.26 05:59:02.674,9.49605,9.49865,1.00,1.00
2016.07.26 05:59:03.376,9.49585,9.49845,1.00,1.00
2016.07.26 05:59:03.846,9.49586,9.49854,1.00,1.00
2016.07.26 05:59:05.877,9.49595,9.49855,1.00,1.00
2016.07.26 05:59:07.868,9.49586,9.49854,1.00,1.00
2016.07.26 05:59:09.874,9.49595,9.49855,1.00,1.00
2016.07.26 05:59:12.918,9.49596,9.49864,1.00,1.00
2016.07.26 05:59:13.482,9.49596,9.49838,1.00,1.50
2016.07.26 05:59:13.624,9.49596,9.49864,1.00,1.00
2016.07.26 05:59:20.873,9.49605,9.49865,1.00,1.00
2016.07.26 05:59:27.393,9.49606,9.49874,1.00,1.00
2016.07.26 05:59:32.236,9.49616,9.49874,1.00,1.00
2016.07.26 05:59:50.704,9.49606,9.49884,1.00,1.00
2016.07.26 05:59:51.659,9.49615,9.49885,1.00,1.00
2016.07.26 05:59:55.717,9.49616,9.49904,1.00,1.00
2016.07.26 05:59:55.880,9.49626,9.49914,1.00,1.00
2016.07.26 05:59:56.085,9.49626,9.49889,1.00,1.50
2016.07.26 05:59:56.187,9.49626,9.49894,1.00,1.00
2016.07.26 05:59:56.237,9.49626,9.49894,1.00,1.50
2016.07.26 05:59:56.392,9.49626,9.49879,1.00,1.50
2016.07.26 05:59:56.494,9.49626,9.49894,1.00,1.00
2016.07.26 05:59:56.596,9.49626,9.49879,1.00,1.50
2016.07.26 05:59:56.647,9.49626,9.49894,1.00,1.00
2016.07.26 05:59:56.850,9.49626,9.49879,1.00,1.50
2016.07.26 05:59:56.952,9.49626,9.49894,1.00,1.00
2016.07.26 05:59:57.103,9.49626,9.49879,1.00,1.50
2016.07.26 05:59:57.154,9.49626,9.49904,1.00,1.00
2016.07.26 05:59:57.357,9.49626,9.49889,1.00,1.50
2016.07.26 05:59:57.408,9.49605,9.49865,1.00,1.00
2016.07.26 05:59:57.560,9.49605,9.49849,1.00,1.50
2016.07.26 05:59:57.763,9.49605,9.49865,1.00,1.00
2016.07.26 05:59:58.093,9.49596,9.49854,1.00,1.00
2016.07.26 05:59:58.422,9.49596,9.49884,1.00,1.00
2016.07.26 05:59:58.625,9.49596,9.4989,1.00,1.00
2016.07.26 05:59:58.677,9.49596,9.49859,1.00,1.50
2016.07.26 05:59:58.778,9.49596,9.49894,1.00,1.00
2016.07.26 05:59:58.931,9.49585,9.49855,1.00,1.00
2016.07.26 05:59:59.938,9.49586,9.49884,1.00,1.00
