2009.06.02 08:00:12.876,10.5774,10.5825,2.20,2.80
2009.06.02 08:00:13.166,10.5774,10.5825,2.20,1.80
2009.06.02 08:00:13.866,10.5774,10.5824,2.20,1.80
2009.06.02 08:00:19.575,10.577,10.5807,2.20,2.40
2009.06.02 08:00:21.284,10.57515,10.5807,2.20,1.80
2009.06.02 08:00:26.333,10.5758,10.5807,2.20,1.80
2009.06.02 08:00:26.453,10.5758,10.5812,2.20,1.80
2009.06.02 08:00:26.613,10.57615,10.5812,2.20,1.80
2009.06.02 08:00:27.023,10.57615,10.5807,2.20,1.80
2009.06.02 08:00:33.961,10.577,10.5799,2.20,1.60
2009.06.02 08:00:34.321,10.57755,10.5805,2.20,1.20
2009.06.02 08:00:34.611,10.57755,10.5817,2.20,5.80
2009.06.02 08:00:40.830,10.57755,10.5829,2.20,1.80
2009.06.02 08:00:49.437,10.57755,10.5817,2.20,1.60
2009.06.02 08:00:50.817,10.579,10.5815,3.20,1.60
2009.06.02 08:00:51.117,10.5793,10.5815,4.40,7.40
2009.06.02 08:00:53.896,10.57875,10.5818,2.20,3.20
2009.06.02 08:00:54.126,10.57875,10.582,2.20,2.40
2009.06.02 08:00:59.555,10.57895,10.5828,2.20,1.60
2009.06.02 08:00:59.835,10.57895,10.582,2.20,4.20
2009.06.02 08:01:00.345,10.57875,10.5818,2.20,3.20
2009.06.02 08:01:00.705,10.5785,10.5815,7.40,4.20
2009.06.02 08:01:00.995,10.5798,10.5815,1.20,1.20
2009.06.02 08:01:01.295,10.57865,10.5815,2.20,4.20
2009.06.02 08:01:03.284,10.57935,10.5815,2.20,4.20
2009.06.02 08:01:03.684,10.57935,10.5818,2.20,3.20
2009.06.02 08:01:03.984,10.5802,10.5854,1.20,1.60
2009.06.02 08:01:04.334,10.5802,10.58565,1.20,1.20
2009.06.02 08:01:05.613,10.5806,10.58525,1.20,1.20
2009.06.02 08:01:07.263,10.5806,10.5837,1.20,2.40
2009.06.02 08:01:07.733,10.5793,10.5837,2.20,2.40
2009.06.02 08:01:10.682,10.5795,10.5822,4.40,1.60
2009.06.02 08:01:10.912,10.5795,10.5822,4.40,2.40
2009.06.02 08:01:15.951,10.57765,10.582,2.20,2.40
2009.06.02 08:01:21.160,10.57815,10.582,2.20,2.40
2009.06.02 08:01:21.280,10.5793,10.582,1.20,2.40
2009.06.02 08:01:21.570,10.5793,10.582,2.80,2.40
2009.06.02 08:01:26.459,10.57885,10.582,2.20,2.40
2009.06.02 08:01:26.629,10.57885,10.5837,2.20,2.40
2009.06.02 08:01:36.646,10.5789,10.5835,2.20,2.40
2009.06.02 08:01:43.544,10.5785,10.5835,4.60,2.40
2009.06.02 08:01:43.764,10.5793,10.5835,2.80,2.40
2009.06.02 08:01:44.104,10.5793,10.5822,2.80,2.40
2009.06.02 08:01:44.914,10.5795,10.582,2.80,1.60
2009.06.02 08:01:45.494,10.5795,10.5818,4.20,1.60
2009.06.02 08:01:49.103,10.579,10.5815,1.20,1.60
2009.06.02 08:01:59.240,10.579,10.582,1.20,4.20
2009.06.02 08:01:59.801,10.579,10.5811,1.20,1.00
2009.06.02 08:02:08.418,10.5773,10.5804,8.00,1.00
2009.06.02 08:02:18.436,10.5783,10.5804,5.80,1.00
2009.06.02 08:04:18.448,10.57795,10.5824,2.20,1.20
2009.06.02 08:04:18.797,10.57795,10.5819,2.20,2.40
2009.06.02 08:04:39.402,10.578,10.5815,1.60,2.40
2009.06.02 08:04:39.643,10.578,10.5808,1.60,1.60
2009.06.02 08:04:47.220,10.5788,10.5808,2.20,1.60
2009.06.02 08:04:47.570,10.5798,10.5845,1.60,1.80
2009.06.02 08:04:47.970,10.5798,10.5847,1.60,1.60
2009.06.02 08:04:51.869,10.5805,10.5863,1.60,1.80
2009.06.02 08:04:51.929,10.581,10.5845,1.20,1.60
2009.06.02 08:04:52.109,10.5808,10.5827,1.20,1.00
2009.06.02 08:04:52.159,10.581,10.5827,1.60,2.40
2009.06.02 08:04:52.269,10.57955,10.5827,2.20,2.40
2009.06.02 08:04:52.329,10.57955,10.5826,2.20,1.60
2009.06.02 08:04:54.468,10.5805,10.5824,4.80,1.60
2009.06.02 08:04:54.818,10.5786,10.5815,2.20,1.60
2009.06.02 08:05:30.150,10.579,10.5815,2.20,1.60
2009.06.02 08:05:30.490,10.5798,10.5828,1.20,1.60
2009.06.02 08:05:30.880,10.58,10.5866,1.60,1.80
2009.06.02 08:05:42.137,10.58,10.5845,1.60,1.60
2009.06.02 08:05:42.317,10.57835,10.5827,2.20,2.40
2009.06.02 08:05:42.487,10.57835,10.5817,2.20,1.60
2009.06.02 08:05:47.346,10.5785,10.5815,1.60,1.60
2009.06.02 08:05:47.506,10.5793,10.5815,1.20,1.60
2009.06.02 08:05:47.676,10.5798,10.583,1.60,1.60
2009.06.02 08:05:47.836,10.5798,10.5845,1.60,1.60
2009.06.02 08:06:36.184,10.5813,10.5843,1.60,1.60
2009.06.02 08:06:36.524,10.5813,10.5858,1.60,1.60
2009.06.02 08:06:39.413,10.582,10.5856,1.20,1.60
2009.06.02 08:06:39.523,10.5817,10.5856,2.20,1.60
2009.06.02 08:06:39.803,10.5817,10.5862,2.20,1.80
2009.06.02 08:06:39.973,10.5815,10.5862,1.60,1.80
2009.06.02 08:06:40.143,10.5798,10.5862,1.60,1.80
2009.06.02 08:06:40.323,10.5796,10.5862,1.20,1.80
2009.06.02 08:06:41.992,10.5793,10.5837,1.20,1.60
2009.06.02 08:06:51.001,10.5809,10.5833,1.20,1.60
2009.06.02 08:06:51.280,10.5809,10.5858,1.20,1.60
2009.06.02 08:06:52.980,10.5811,10.585,1.20,1.40
2009.06.02 08:06:53.380,10.5779,10.5811,2.60,1.60
2009.06.02 08:06:53.490,10.57755,10.5811,2.20,1.60
2009.06.02 08:06:53.670,10.57755,10.5813,2.20,1.60
2009.06.02 08:06:56.679,10.57815,10.5809,2.20,1.60
2009.06.02 08:06:56.799,10.57815,10.5814,2.20,1.60
2009.06.02 08:07:06.096,10.5781,10.5814,2.20,1.60
2009.06.02 08:08:29.597,10.57895,10.5818,2.20,1.60
2009.06.02 08:08:59.640,10.5793,10.5818,1.20,1.60
2009.06.02 08:08:59.879,10.5797,10.5818,1.20,1.60
2009.06.02 08:09:00.109,10.5801,10.5843,1.20,1.60
2009.06.02 08:09:00.349,10.5801,10.5848,1.20,1.60
2009.06.02 08:09:04.278,10.5783,10.5845,1.60,1.80
2009.06.02 08:09:04.498,10.5793,10.5845,2.20,2.60
2009.06.02 08:09:04.728,10.5788,10.5828,2.20,1.60
2009.06.02 08:09:05.058,10.5788,10.5822,2.20,1.60
2009.06.02 08:09:07.228,10.5797,10.5818,1.20,1.60
2009.06.02 08:09:07.517,10.5801,10.5843,1.20,1.60
2009.06.02 08:09:07.757,10.5801,10.5869,1.20,1.80
2009.06.02 08:09:12.087,10.5795,10.5848,2.20,1.80
2009.06.02 08:09:12.366,10.5793,10.582,1.20,1.60
2009.06.02 08:09:12.646,10.5797,10.5843,1.20,1.60
2009.06.02 08:09:13.166,10.5798,10.5843,1.20,1.60
2009.06.02 08:09:29.092,10.5826,10.5839,1.60,1.60
2009.06.02 08:09:29.252,10.5831,10.5839,1.60,1.60
2009.06.02 08:09:29.372,10.5831,10.5874,6.20,1.60
2009.06.02 08:09:29.492,10.5831,10.5873,6.20,1.60
2009.06.02 08:09:34.871,10.5843,10.5869,4.40,1.60
2009.06.02 08:09:35.041,10.5843,10.5869,3.20,1.60
2009.06.02 08:09:35.101,10.58,10.5868,1.20,1.80
2009.06.02 08:09:35.261,10.5821,10.5868,1.60,1.80
2009.06.02 08:09:35.321,10.5821,10.5843,1.60,1.60
2009.06.02 08:09:35.381,10.5826,10.5843,1.60,1.60
2009.06.02 08:09:35.680,10.5826,10.5843,4.60,1.60
2009.06.02 08:09:36.071,10.5822,10.5872,1.20,1.60
2009.06.02 08:09:36.310,10.5799,10.5843,1.20,1.60
2009.06.02 08:09:36.940,10.5803,10.5853,1.20,1.60
2009.06.02 08:09:37.630,10.5808,10.5849,1.20,1.60
2009.06.02 08:09:49.047,10.5808,10.5876,1.20,1.80
2009.06.02 08:09:59.475,10.5813,10.5877,1.20,1.80
2009.06.02 08:10:01.954,10.5808,10.5872,1.20,1.80
2009.06.02 08:10:06.843,10.5816,10.5863,1.20,1.60
2009.06.02 08:10:07.203,10.5816,10.5886,1.20,1.80
2009.06.02 08:10:11.892,10.5812,10.5842,1.20,1.60
2009.06.02 08:10:12.242,10.58075,10.5829,2.20,1.60
2009.06.02 08:11:18.616,10.5816,10.5892,1.20,1.80
2009.06.02 08:11:22.135,10.5823,10.5887,1.20,1.80
2009.06.02 08:11:24.064,10.58345,10.5887,2.20,1.80
2009.06.02 08:11:24.244,10.5836,10.5903,1.60,1.80
2009.06.02 08:11:24.474,10.584,10.5908,1.20,1.80
2009.06.02 08:11:26.064,10.5844,10.5908,1.20,1.80
2009.06.02 08:11:26.844,10.5845,10.5909,1.20,1.80
2009.06.02 08:11:28.253,10.5846,10.591,1.20,1.80
2009.06.02 08:11:32.982,10.5847,10.5911,1.20,1.80
2009.06.02 08:11:36.182,10.586,10.5928,1.20,3.40
2009.06.02 08:11:36.412,10.586,10.5928,1.20,1.80
2009.06.02 08:11:37.881,10.5868,10.5932,1.20,1.80
2009.06.02 08:11:59.686,10.58425,10.5911,2.20,1.80
2009.06.02 08:12:30.938,10.58465,10.5888,2.20,1.60
2009.06.02 08:12:52.133,10.585,10.5884,2.20,1.60
2009.06.02 08:12:52.413,10.5853,10.5884,1.20,1.60
2009.06.02 08:12:52.593,10.5853,10.5919,1.20,1.80
2009.06.02 08:13:38.172,10.5855,10.5915,1.60,1.80
2009.06.02 08:13:38.512,10.5871,10.5915,2.20,1.80
2009.06.02 08:13:38.862,10.5871,10.5904,2.20,1.60
2009.06.02 08:14:08.664,10.5877,10.5902,1.60,1.60
2009.06.02 08:14:09.005,10.5893,10.5915,2.80,1.60
2009.06.02 08:14:09.925,10.5893,10.5915,1.60,1.60
2009.06.02 08:14:10.144,10.59,10.5913,1.60,1.60
2009.06.02 08:14:10.324,10.5908,10.5945,4.40,1.60
2009.06.02 08:14:30.099,10.5905,10.5941,1.60,1.60
2009.06.02 08:14:30.209,10.5919,10.5941,1.20,1.60
2009.06.02 08:14:30.329,10.5919,10.595,1.20,1.60
2009.06.02 08:14:30.629,10.5919,10.5989,1.20,1.80
2009.06.02 08:14:30.969,10.5929,10.5999,1.20,1.80
2009.06.02 08:14:31.489,10.5939,10.6009,1.20,1.80
2009.06.02 08:14:34.688,10.5949,10.6013,1.20,1.80
2009.06.02 08:14:36.368,10.595,10.6014,1.20,1.80
2009.06.02 08:14:37.218,10.5951,10.6015,1.20,2.80
2009.06.02 08:14:40.777,10.5952,10.6001,1.20,1.60
2009.06.02 08:14:41.916,10.5944,10.6007,1.60,1.80
2009.06.02 08:14:42.187,10.5943,10.5987,1.20,1.60
2009.06.02 08:14:48.995,10.5954,10.5983,1.20,1.60
2009.06.02 08:14:49.215,10.5954,10.6001,1.20,1.60
2009.06.02 08:14:57.093,10.5968,10.5999,2.80,1.60
2009.06.02 08:14:57.383,10.5968,10.6013,4.20,1.60
2009.06.02 08:15:00.052,10.597,10.6011,2.80,1.60
2009.06.02 08:15:00.642,10.5954,10.6001,1.20,1.60
2009.06.02 08:15:01.312,10.5956,10.6024,1.20,1.80
2009.06.02 08:15:05.931,10.5929,10.6001,1.20,3.40
2009.06.02 08:15:06.161,10.5927,10.5999,1.20,1.80
2009.06.02 08:15:11.689,10.5924,10.5984,2.20,1.80
2009.06.02 08:15:11.960,10.5925,10.5984,2.20,1.80
2009.06.02 08:15:12.309,10.5931,10.5997,1.20,1.80
2009.06.02 08:15:12.529,10.594,10.5979,1.20,1.60
2009.06.02 08:15:12.821,10.5942,10.601,1.60,1.80
2009.06.02 08:15:13.829,10.5947,10.6011,1.20,1.80
2009.06.02 08:15:14.169,10.595,10.6014,1.20,1.80
2009.06.02 08:15:15.709,10.5951,10.6015,1.20,1.80
2009.06.02 08:15:16.278,10.5952,10.6016,1.20,1.80
2009.06.02 08:15:21.797,10.5944,10.6007,2.20,1.80
2009.06.02 08:15:22.127,10.5944,10.5988,2.20,1.60
2009.06.02 08:15:24.266,10.5944,10.5981,2.20,1.60
2009.06.02 08:15:34.904,10.5944,10.6011,2.20,1.80
2009.06.02 08:15:48.851,10.5958,10.6008,1.20,1.60
2009.06.02 08:15:49.191,10.5966,10.6026,1.60,1.80
2009.06.02 08:15:49.660,10.5967,10.6035,1.20,1.80
2009.06.02 08:15:50.220,10.5973,10.6037,1.20,1.80
2009.06.02 08:15:51.040,10.5975,10.6039,1.20,1.80
2009.06.02 08:15:52.130,10.5976,10.604,1.20,1.80
2009.06.02 08:15:52.540,10.5977,10.6041,1.20,1.80
2009.06.02 08:16:05.676,10.5985,10.6041,1.60,1.80
2009.06.02 08:16:05.856,10.6,10.6036,1.20,1.60
2009.06.02 08:16:06.086,10.6009,10.6079,1.20,1.80
2009.06.02 08:16:12.985,10.6021,10.6071,1.20,1.20
2009.06.02 08:16:13.225,10.6021,10.6089,1.20,1.80
2009.06.02 08:16:14.734,10.6038,10.607,1.20,1.60
2009.06.02 08:16:15.074,10.6038,10.607,4.20,1.60
2009.06.02 08:16:15.194,10.6038,10.6076,4.20,1.60
2009.06.02 08:16:18.323,10.604,10.6089,1.60,1.80
2009.06.02 08:16:18.603,10.6028,10.6089,1.60,1.80
2009.06.02 08:16:18.823,10.6031,10.607,1.20,1.60
2009.06.02 08:16:19.104,10.6026,10.6089,1.20,1.80
2009.06.02 08:16:25.972,10.6028,10.607,1.20,1.60
2009.06.02 08:16:26.251,10.6028,10.6094,1.20,1.80
2009.06.02 08:16:33.330,10.6029,10.6082,2.20,1.80
2009.06.02 08:16:33.851,10.6029,10.609,2.20,1.80
2009.06.02 08:16:35.099,10.6037,10.6105,1.20,1.80
2009.06.02 08:16:35.439,10.6054,10.6105,1.60,1.80
2009.06.02 08:16:35.829,10.6054,10.6112,1.60,1.80
2009.06.02 08:16:36.469,10.6049,10.6113,1.20,1.80
2009.06.02 08:16:37.289,10.6051,10.6115,1.20,1.80
2009.06.02 08:17:22.848,10.6076,10.6115,1.60,1.80
2009.06.02 08:17:23.008,10.6086,10.6115,1.60,1.80
2009.06.02 08:17:23.298,10.6086,10.6136,1.60,1.20
2009.06.02 08:17:42.643,10.60995,10.6134,2.20,1.20
2009.06.02 08:17:42.823,10.60995,10.6147,2.20,3.20
2009.06.02 08:17:43.113,10.60975,10.6159,2.20,1.80
2009.06.02 08:17:43.403,10.6097,10.6139,2.20,1.60
2009.06.02 08:17:43.693,10.6099,10.6151,2.20,1.80
2009.06.02 08:17:43.993,10.6099,10.6161,2.20,1.80
2009.06.02 08:18:42.788,10.6098,10.6157,2.20,1.80
2009.06.02 08:18:45.288,10.6098,10.61535,2.20,1.20
2009.06.02 08:19:06.773,10.6103,10.6155,1.20,8.00
2009.06.02 08:19:07.123,10.6111,10.6176,1.60,1.80
2009.06.02 08:19:08.802,10.6118,10.6182,1.20,1.80
2009.06.02 08:19:24.259,10.6128,10.6182,1.60,1.80
2009.06.02 08:19:24.439,10.6141,10.6179,1.20,1.60
2009.06.02 08:19:24.498,10.6143,10.6179,1.20,1.60
2009.06.02 08:19:24.779,10.6143,10.61925,5.80,1.20
2009.06.02 08:19:30.127,10.6145,10.61845,5.80,1.20
2009.06.02 08:19:30.487,10.6145,10.619,3.20,1.80
2009.06.02 08:19:30.827,10.6124,10.619,1.20,1.80
2009.06.02 08:19:31.127,10.6114,10.6182,2.80,1.80
2009.06.02 08:20:30.722,10.6116,10.6184,1.60,1.60
2009.06.02 08:21:33.048,10.6128,10.6184,1.60,1.60
2009.06.02 08:21:33.278,10.61455,10.6184,2.20,1.60
2009.06.02 08:21:33.567,10.61445,10.6193,2.20,1.00
2009.06.02 08:21:33.797,10.61445,10.6197,2.20,1.20
2009.06.02 08:21:36.437,10.61465,10.619,2.20,1.80
2009.06.02 08:21:36.617,10.6145,10.619,3.20,1.80
2009.06.02 08:21:36.787,10.61265,10.619,2.20,1.80
2009.06.02 08:21:37.287,10.61265,10.6182,2.20,1.80
2009.06.02 08:21:44.994,10.61285,10.6159,2.20,1.20
2009.06.02 08:21:45.045,10.61285,10.6159,2.20,1.80
2009.06.02 08:21:45.275,10.61285,10.6161,2.20,1.80
2009.06.02 08:21:45.445,10.6096,10.6161,2.20,1.80
2009.06.02 08:21:46.134,10.6096,10.6157,3.80,1.80
2009.06.02 08:21:46.424,10.6109,10.6155,2.20,2.40
2009.06.02 08:21:48.554,10.6115,10.6155,1.20,3.40
2009.06.02 08:21:48.724,10.6115,10.6157,1.20,1.80
2009.06.02 08:21:48.834,10.6097,10.6157,2.20,1.80
2009.06.02 08:21:49.634,10.6108,10.6158,1.20,1.60
2009.06.02 08:21:49.914,10.6108,10.6176,1.20,1.80
2009.06.02 08:21:50.084,10.6109,10.6176,1.60,1.80
2009.06.02 08:21:50.324,10.6116,10.6184,1.20,1.80
2009.06.02 08:21:58.041,10.6143,10.61915,5.80,1.20
2009.06.02 08:22:03.360,10.615,10.61895,1.20,1.20
2009.06.02 08:22:03.650,10.6145,10.61895,1.60,1.20
2009.06.02 08:22:03.710,10.6154,10.6186,1.20,1.20
2009.06.02 08:22:17.817,10.61515,10.6211,2.20,1.80
2009.06.02 08:22:47.389,10.61515,10.62,2.20,4.20
2009.06.02 08:22:51.599,10.61475,10.6195,2.20,1.80
2009.06.02 08:22:51.949,10.61475,10.6182,2.20,2.40
2009.06.02 08:22:56.167,10.61485,10.6204,2.20,4.20
2009.06.02 08:22:56.337,10.6145,10.61915,3.80,1.20
2009.06.02 08:23:03.506,10.6146,10.61875,2.20,1.20
2009.06.02 08:23:03.746,10.6155,10.6188,1.20,1.20
2009.06.02 08:23:06.785,10.6152,10.6188,2.20,1.20
2009.06.02 08:23:07.295,10.6152,10.6209,2.20,1.80
2009.06.02 08:23:13.733,10.61595,10.6207,2.20,1.80
2009.06.02 08:23:14.593,10.61595,10.6202,1.20,1.80
2009.06.02 08:23:14.833,10.6146,10.6202,2.20,1.80
2009.06.02 08:23:16.203,10.6191,10.6202,1.60,1.80
2009.06.02 08:23:16.613,10.6191,10.6204,1.60,1.60
2009.06.02 08:23:16.792,10.6191,10.62465,1.60,1.20
2009.06.02 08:23:17.302,10.62,10.6245,1.20,1.80
2009.06.02 08:23:17.652,10.6173,10.6219,1.20,1.60
2009.06.02 08:23:21.981,10.6162,10.6226,1.20,1.80
2009.06.02 08:23:22.811,10.6161,10.6225,1.20,1.80
2009.06.02 08:23:23.392,10.616,10.6224,1.20,1.80
2009.06.02 08:23:25.251,10.6165,10.6224,1.60,1.80
2009.06.02 08:23:25.780,10.6179,10.6249,1.20,1.80
2009.06.02 08:23:45.596,10.6176,10.6234,2.20,1.80
2009.06.02 08:24:04.861,10.618,10.6232,1.60,1.80
2009.06.02 08:24:04.971,10.6189,10.6232,2.20,1.80
2009.06.02 08:24:05.271,10.6189,10.6226,2.20,1.20
2009.06.02 08:24:05.441,10.6189,10.623,2.20,2.40
2009.06.02 08:24:10.900,10.619,10.623,1.60,2.40
2009.06.02 08:24:11.190,10.61985,10.623,2.20,1.00
2009.06.02 08:24:11.359,10.61985,10.6261,2.20,1.80
2009.06.02 08:24:14.299,10.6192,10.6247,4.80,1.80
2009.06.02 08:24:14.589,10.6179,10.6247,3.40,1.80
2009.06.02 08:24:41.342,10.6188,10.6245,1.60,1.80
2009.06.02 08:24:41.582,10.61975,10.6259,2.20,1.80
2009.06.02 08:24:50.590,10.6212,10.6257,1.60,1.80
2009.06.02 08:24:50.820,10.62,10.6247,1.60,1.80
2009.06.02 08:24:57.359,10.6202,10.6234,1.60,1.80
2009.06.02 08:24:57.698,10.6173,10.6234,2.20,1.80
2009.06.02 08:25:07.586,10.6193,10.623,1.60,1.60
2009.06.02 08:25:07.936,10.62,10.6247,1.60,1.80
2009.06.02 08:25:19.003,10.621,10.6245,1.60,1.80
2009.06.02 08:25:19.183,10.6215,10.6245,1.60,1.80
2009.06.02 08:25:19.423,10.6215,10.62525,6.20,1.20
2009.06.02 08:25:33.150,10.623,10.6248,1.60,1.80
2009.06.02 08:25:33.550,10.6198,10.6248,1.60,1.80
2009.06.02 08:25:33.900,10.6198,10.6245,1.60,1.80
2009.06.02 08:26:23.508,10.6206,10.62295,1.60,1.20
2009.06.02 08:26:23.848,10.6193,10.6234,1.60,1.80
2009.06.02 08:26:34.385,10.6195,10.623,1.60,1.60
2009.06.02 08:26:34.555,10.6202,10.6247,1.60,1.80
2009.06.02 08:26:40.973,10.62175,10.6245,1.60,1.80
2009.06.02 08:26:41.313,10.6223,10.6245,1.60,1.80
2009.06.02 08:26:41.433,10.6223,10.6264,1.60,1.20
2009.06.02 08:26:43.983,10.6238,10.6262,1.60,1.20
2009.06.02 08:26:44.103,10.6238,10.6283,1.60,1.20
2009.06.02 08:26:48.151,10.6253,10.6323,1.20,1.80
2009.06.02 08:26:48.501,10.6286,10.6334,8.00,1.80
2009.06.02 08:26:49.661,10.629,10.6331,8.00,1.20
2009.06.02 08:26:52.210,10.6307,10.6331,1.60,1.20
2009.06.02 08:26:55.280,10.6304,10.634,1.60,1.80
2009.06.02 08:26:55.680,10.6304,10.6332,1.60,1.80
2009.06.02 08:26:55.970,10.6267,10.6332,1.60,1.80
2009.06.02 08:27:00.928,10.6258,10.6324,1.60,1.80
2009.06.02 08:27:11.796,10.628,10.6337,1.60,1.80
2009.06.02 08:27:11.966,10.6288,10.6328,1.60,1.20
2009.06.02 08:27:12.406,10.6288,10.6334,1.60,1.20
2009.06.02 08:27:13.726,10.629,10.6334,3.00,1.20
2009.06.02 08:27:13.905,10.62945,10.6361,2.20,1.80
2009.06.02 08:27:14.535,10.63,10.6361,2.20,1.80
2009.06.02 08:27:14.645,10.63,10.6364,2.20,1.80
2009.06.02 08:27:15.385,10.6307,10.6357,1.20,1.80
2009.06.02 08:27:15.725,10.6298,10.636,2.20,1.80
2009.06.02 08:27:16.765,10.63,10.636,1.60,1.80
2009.06.02 08:27:16.995,10.6308,10.6355,1.60,2.40
2009.06.02 08:27:23.653,10.6312,10.636,1.20,1.80
2009.06.02 08:27:27.672,10.632,10.636,1.60,1.80
2009.06.02 08:27:27.962,10.6333,10.6351,4.40,1.20
2009.06.02 08:27:35.470,10.6315,10.636,2.80,1.80
2009.06.02 08:27:35.710,10.63,10.636,3.40,2.80
2009.06.02 08:27:37.400,10.6313,10.6352,1.60,1.20
2009.06.02 08:27:37.640,10.6313,10.6357,4.60,2.40
2009.06.02 08:27:38.079,10.6304,10.635,1.60,1.80
2009.06.02 08:27:38.320,10.6293,10.635,1.60,1.80
2009.06.02 08:27:38.659,10.6298,10.6342,4.20,1.20
2009.06.02 08:27:39.599,10.63,10.6342,1.60,1.20
2009.06.02 08:27:39.819,10.63,10.63465,1.60,1.20
2009.06.02 08:27:48.627,10.63055,10.63465,2.20,1.20
2009.06.02 08:27:48.967,10.63055,10.63535,2.20,1.20
2009.06.02 08:27:57.895,10.63015,10.6349,2.20,1.20
2009.06.02 08:27:58.235,10.6306,10.63535,2.20,1.20
2009.06.02 08:27:59.224,10.6311,10.63535,2.20,1.20
2009.06.02 08:28:00.264,10.6323,10.63535,1.60,1.20
2009.06.02 08:28:00.434,10.6323,10.63535,2.80,1.20
2009.06.02 08:28:00.554,10.634,10.63535,6.40,1.20
2009.06.02 08:28:00.664,10.634,10.6366,6.40,1.20
2009.06.02 08:28:03.443,10.6345,10.6364,1.60,1.20
2009.06.02 08:28:03.784,10.6355,10.6398,1.20,1.20
2009.06.02 08:28:04.013,10.6355,10.6425,1.20,1.80
2009.06.02 08:28:04.243,10.637,10.6432,1.20,1.20
2009.06.02 08:28:04.953,10.6377,10.6432,1.20,1.20
2009.06.02 08:28:05.603,10.6381,10.6428,1.20,1.20
2009.06.02 08:28:09.992,10.6386,10.6454,1.20,1.80
2009.06.02 08:28:10.112,10.6386,10.6454,2.80,1.80
2009.06.02 08:28:10.962,10.6386,10.6429,2.80,1.20
2009.06.02 08:28:11.132,10.6386,10.6431,1.60,1.80
2009.06.02 08:28:11.242,10.6386,10.6421,1.60,1.20
2009.06.02 08:28:11.592,10.6362,10.6421,1.20,1.20
2009.06.02 08:28:18.790,10.637,10.6417,1.60,1.20
2009.06.02 08:28:18.900,10.6379,10.6417,2.20,1.20
2009.06.02 08:28:19.180,10.6379,10.6423,2.20,1.20
2009.06.02 08:28:19.890,10.638,10.6423,2.20,1.20
2009.06.02 08:28:20.399,10.6393,10.6463,2.80,1.80
2009.06.02 08:28:22.049,10.6396,10.646,1.20,1.80
2009.06.02 08:28:22.719,10.6384,10.6452,2.80,1.80
2009.06.02 08:28:23.609,10.6384,10.6446,1.60,1.80
2009.06.02 08:28:23.949,10.638,10.6444,1.20,1.80
2009.06.02 08:28:24.179,10.6379,10.6441,2.20,1.80
2009.06.02 08:28:25.188,10.6379,10.644,2.20,1.80
2009.06.02 08:28:27.578,10.6379,10.6439,2.20,1.80
2009.06.02 08:28:29.027,10.6385,10.6439,1.60,1.80
2009.06.02 08:28:29.197,10.6399,10.6447,1.20,1.60
2009.06.02 08:28:29.317,10.6399,10.6467,1.20,1.80
2009.06.02 08:28:30.887,10.6401,10.6453,1.20,1.20
2009.06.02 08:28:30.947,10.64005,10.6459,2.20,1.80
2009.06.02 08:28:33.066,10.6402,10.6457,2.20,1.80
2009.06.02 08:28:35.655,10.6402,10.6457,1.20,1.80
2009.06.02 08:28:35.896,10.6395,10.6442,3.20,1.80
2009.06.02 08:28:36.015,10.6381,10.6442,2.20,1.80
2009.06.02 08:28:38.105,10.6383,10.6432,2.20,1.80
2009.06.02 08:28:39.495,10.63815,10.6447,2.20,1.80
2009.06.02 08:28:39.595,10.6398,10.6447,2.20,1.80
2009.06.02 08:28:39.775,10.6398,10.6459,2.20,1.80
2009.06.02 08:28:42.204,10.641,10.6457,1.60,1.80
2009.06.02 08:28:42.374,10.6423,10.6457,4.40,1.80
2009.06.02 08:28:42.764,10.6423,10.6455,4.40,2.40
2009.06.02 08:28:45.973,10.64165,10.6455,2.20,2.40
2009.06.02 08:29:00.250,10.6379,10.6447,2.80,1.80
2009.06.02 08:29:01.949,10.63955,10.6459,2.20,1.80
2009.06.02 08:29:08.278,10.63925,10.6425,2.20,2.40
2009.06.02 08:29:18.665,10.63985,10.6461,2.20,1.80
2009.06.02 08:29:56.846,10.64105,10.6455,2.20,8.40
2009.06.02 08:29:57.256,10.64105,10.6455,2.20,6.80
2009.06.02 08:30:07.463,10.63965,10.6457,2.20,1.80
2009.06.02 08:30:17.891,10.63975,10.6439,2.20,1.20
2009.06.02 08:30:18.241,10.63975,10.6439,2.20,3.40
2009.06.02 08:30:27.259,10.63975,10.6422,2.20,1.00
2009.06.02 08:30:28.328,10.6396,10.642,2.20,1.00
2009.06.02 08:30:28.798,10.6395,10.642,6.00,1.00
2009.06.02 08:30:28.858,10.6358,10.6426,3.40,1.80
2009.06.02 08:30:29.088,10.6358,10.642,2.20,1.80
2009.06.02 08:30:40.146,10.6376,10.6415,2.20,1.60
2009.06.02 08:30:40.605,10.6376,10.642,2.20,1.00
2009.06.02 08:30:43.815,10.6383,10.642,1.20,1.00
2009.06.02 08:30:51.193,10.6366,10.6414,1.20,1.00
2009.06.02 08:30:51.483,10.635,10.6416,1.20,1.80
2009.06.02 08:30:56.182,10.63705,10.6416,2.20,1.80
2009.06.02 08:30:56.361,10.6381,10.6417,2.80,1.20
2009.06.02 08:30:57.102,10.6381,10.6415,2.80,1.20
2009.06.02 08:30:57.281,10.6371,10.6414,1.20,1.00
2009.06.02 08:30:57.621,10.6348,10.6416,1.20,1.80
2009.06.02 08:30:58.561,10.6353,10.6411,1.20,1.80
2009.06.02 08:31:00.131,10.6358,10.6412,1.20,1.80
2009.06.02 08:31:04.860,10.635,10.6404,2.20,1.80
2009.06.02 08:31:09.328,10.6351,10.6402,1.20,1.80
2009.06.02 08:31:38.302,10.6358,10.6365,4.40,1.00
2009.06.02 08:31:41.611,10.63625,10.6365,1.60,1.00
2009.06.02 08:31:41.781,10.63625,10.63965,2.80,1.20
2009.06.02 08:31:42.141,10.6373,10.64,2.80,1.60
2009.06.02 08:31:42.320,10.6373,10.64025,2.80,1.20
2009.06.02 08:31:42.941,10.6373,10.64,2.80,6.80
2009.06.02 08:31:54.247,10.6358,10.6395,2.20,1.20
2009.06.02 08:32:06.445,10.6373,10.6395,1.60,1.20
2009.06.02 08:32:06.685,10.6373,10.6395,3.20,1.20
2009.06.02 08:32:06.865,10.6388,10.641,2.80,3.20
2009.06.02 08:32:07.165,10.6388,10.6439,2.80,2.80
2009.06.02 08:32:07.854,10.639,10.6424,2.80,1.20
2009.06.02 08:32:08.194,10.6362,10.642,2.60,1.80
2009.06.02 08:32:13.893,10.6373,10.6427,1.20,1.80
2009.06.02 08:32:14.243,10.6375,10.6427,2.80,1.80
2009.06.02 08:32:35.717,10.63735,10.6427,2.20,1.80
2009.06.02 08:32:35.828,10.6375,10.6427,2.80,1.80
2009.06.02 08:32:36.008,10.6381,10.6422,1.20,1.80
2009.06.02 08:33:04.810,10.63825,10.6427,2.20,1.80
2009.06.02 08:33:05.040,10.63825,10.6432,2.20,1.80
2009.06.02 08:33:10.240,10.6379,10.6432,2.20,1.80
2009.06.02 08:33:10.529,10.6379,10.6427,2.20,1.80
2009.06.02 08:33:41.822,10.6379,10.6409,2.20,1.40
2009.06.02 08:33:41.882,10.6379,10.6389,2.20,1.20
2009.06.02 08:33:41.992,10.6379,10.6389,2.20,2.00
2009.06.02 08:33:42.172,10.6375,10.6389,1.60,2.00
2009.06.02 08:33:42.231,10.6372,10.6396,1.60,1.80
2009.06.02 08:33:42.351,10.634,10.6396,2.20,1.80
2009.06.02 08:33:52.399,10.63465,10.6387,2.20,1.20
2009.06.02 08:33:52.519,10.63465,10.6394,2.20,1.80
2009.06.02 08:33:52.629,10.6344,10.6394,2.20,1.80
2009.06.02 08:34:04.376,10.6347,10.6392,2.20,1.80
2009.06.02 08:34:04.536,10.6347,10.64,2.20,1.80
2009.06.02 08:34:06.086,10.6348,10.6384,1.20,1.20
2009.06.02 08:34:06.206,10.63415,10.6393,2.20,1.80
2009.06.02 08:34:06.486,10.63405,10.6393,2.20,1.80
2009.06.02 08:34:13.464,10.6345,10.6369,2.80,1.20
2009.06.02 08:34:13.824,10.63295,10.6364,2.20,1.20
2009.06.02 08:34:16.304,10.634,10.6355,2.80,5.80
2009.06.02 08:34:16.533,10.631,10.6342,1.60,1.80
2009.06.02 08:34:16.763,10.62895,10.6342,2.20,1.80
2009.06.02 08:34:16.993,10.62895,10.6308,2.20,1.60
2009.06.02 08:34:18.913,10.6296,10.6304,2.20,1.60
2009.06.02 08:34:19.263,10.6296,10.6333,2.20,1.80
2009.06.02 08:34:19.483,10.6298,10.6333,2.20,1.80
2009.06.02 08:34:25.331,10.6271,10.6285,1.20,1.40
2009.06.02 08:34:25.562,10.6243,10.626,3.60,1.20
2009.06.02 08:34:25.681,10.6191,10.6265,2.60,1.80
2009.06.02 08:34:25.801,10.61895,10.6262,2.20,1.80
2009.06.02 08:34:26.101,10.6191,10.6262,1.20,1.80
2009.06.02 08:34:26.281,10.619,10.6262,2.20,1.80
2009.06.02 08:34:26.511,10.62085,10.6243,2.20,1.60
2009.06.02 08:34:26.681,10.62045,10.6257,2.20,1.80
2009.06.02 08:34:26.861,10.62145,10.6254,2.20,1.80
2009.06.02 08:34:28.890,10.62145,10.6266,2.20,1.80
2009.06.02 08:34:29.170,10.6247,10.6266,1.60,1.80
2009.06.02 08:34:29.450,10.6226,10.6274,1.60,1.80
2009.06.02 08:34:29.560,10.6228,10.6274,1.60,1.80
2009.06.02 08:34:29.620,10.6228,10.6279,1.60,1.80
2009.06.02 08:34:31.140,10.6232,10.6279,1.60,1.80
2009.06.02 08:34:31.690,10.6232,10.628,1.60,1.80
2009.06.02 08:34:32.890,10.6232,10.6254,1.60,1.20
2009.06.02 08:34:33.009,10.6232,10.6259,1.60,1.80
2009.06.02 08:34:33.359,10.62005,10.6256,2.20,1.80
2009.06.02 08:34:34.509,10.6201,10.6252,8.00,1.80
2009.06.02 08:34:34.789,10.621,10.6266,2.80,1.80
2009.06.02 08:34:35.029,10.6216,10.6272,2.80,1.80
2009.06.02 08:34:35.249,10.6216,10.6272,1.20,1.80
2009.06.02 08:34:41.017,10.6243,10.6278,1.20,1.60
2009.06.02 08:34:41.137,10.6243,10.6283,1.20,1.00
2009.06.02 08:34:41.307,10.6267,10.6303,1.60,1.80
2009.06.02 08:34:42.507,10.6271,10.6316,1.60,1.80
2009.06.02 08:34:42.917,10.6258,10.6316,1.20,1.80
2009.06.02 08:34:53.284,10.626,10.6302,1.20,1.20
2009.06.02 08:34:53.634,10.624,10.6272,1.20,1.60
2009.06.02 08:34:54.374,10.6231,10.6272,1.20,1.60
2009.06.02 08:34:55.654,10.6228,10.6284,1.20,1.80
2009.06.02 08:34:56.145,10.6226,10.6282,1.20,1.80
2009.06.02 08:34:56.794,10.6225,10.6279,1.20,1.80
2009.06.02 08:34:58.953,10.6224,10.6278,1.20,1.80
2009.06.02 08:35:17.299,10.6224,10.6259,1.20,1.60
2009.06.02 08:35:21.198,10.622,10.6276,1.20,1.80
2009.06.02 08:35:21.538,10.622,10.6276,1.20,2.60
2009.06.02 08:35:21.758,10.6213,10.6269,1.20,1.80
2009.06.02 08:36:22.453,10.61965,10.6265,2.20,1.60
2009.06.02 08:36:55.865,10.62005,10.6265,2.20,1.60
2009.06.02 08:36:56.035,10.62005,10.6278,2.20,1.60
2009.06.02 08:36:56.325,10.62005,10.627,2.20,1.60
2009.06.02 08:37:56.123,10.6246,10.6268,1.00,1.60
2009.06.02 08:37:56.421,10.61965,10.6268,2.20,1.60
2009.06.02 08:38:31.602,10.6217,10.6272,1.60,1.80
2009.06.02 08:38:31.772,10.6217,10.6274,1.60,1.80
2009.06.02 08:38:33.502,10.6221,10.6275,2.80,1.80
2009.06.02 08:38:38.400,10.6228,10.6282,1.20,1.80
2009.06.02 08:38:43.599,10.623,10.6282,1.60,1.80
2009.06.02 08:38:44.069,10.6246,10.6306,1.20,1.80
2009.06.02 08:38:44.409,10.6246,10.62905,1.20,1.20
2009.06.02 08:39:03.544,10.6251,10.62865,1.60,1.20
2009.06.02 08:39:18.341,10.6248,10.62865,1.20,1.20
2009.06.02 08:39:22.110,10.6248,10.6259,1.20,1.00
2009.06.02 08:39:22.160,10.6245,10.6259,1.60,1.00
2009.06.02 08:39:22.380,10.623,10.6259,2.20,2.40
2009.06.02 08:39:22.550,10.6228,10.6259,3.20,2.40
2009.06.02 08:39:22.710,10.6242,10.6259,1.20,2.40
2009.06.02 08:39:22.830,10.6242,10.6302,1.20,1.80
2009.06.02 08:39:23.699,10.6243,10.62925,1.20,1.20
2009.06.02 08:39:52.512,10.6251,10.62885,1.60,1.20
2009.06.02 08:40:00.810,10.625,10.62885,1.60,1.20
2009.06.02 08:40:00.980,10.6258,10.62885,1.60,1.20
2009.06.02 08:40:01.220,10.6258,10.62875,1.60,1.20
2009.06.02 08:40:02.390,10.6273,10.62875,1.20,1.20
2009.06.02 08:40:02.570,10.6291,10.6333,3.00,1.80
2009.06.02 08:40:02.800,10.6303,10.6341,1.20,1.60
2009.06.02 08:40:03.020,10.6308,10.6365,1.60,2.80
2009.06.02 08:40:03.200,10.6303,10.6365,1.20,2.80
2009.06.02 08:40:03.320,10.6307,10.6355,1.20,1.20
2009.06.02 08:40:03.430,10.6326,10.6355,1.20,1.20
2009.06.02 08:40:03.720,10.6335,10.63525,2.80,1.20
2009.06.02 08:40:07.639,10.6335,10.6347,2.80,1.80
2009.06.02 08:40:07.759,10.6275,10.6308,1.60,1.80
2009.06.02 08:40:07.979,10.627,10.6308,1.20,1.80
2009.06.02 08:40:08.098,10.62435,10.6308,2.20,1.80
2009.06.02 08:40:08.269,10.62435,10.6304,2.20,1.80
2009.06.02 08:40:09.748,10.6291,10.6312,1.60,1.80
2009.06.02 08:40:09.858,10.6303,10.632,1.20,1.60
2009.06.02 08:40:10.148,10.6306,10.632,1.60,1.60
2009.06.02 08:40:10.258,10.6311,10.6365,1.60,1.80
2009.06.02 08:40:10.478,10.6323,10.63615,1.60,1.20
2009.06.02 08:40:10.588,10.6323,10.63585,1.60,1.20
2009.06.02 08:40:11.218,10.633,10.63585,1.20,1.20
2009.06.02 08:40:11.458,10.6335,10.6357,2.80,1.20
2009.06.02 08:40:14.457,10.634,10.6383,2.80,1.20
2009.06.02 08:40:14.797,10.6353,10.6386,2.80,1.80
2009.06.02 08:40:15.087,10.634,10.6386,1.60,1.80
2009.06.02 08:40:20.406,10.6333,10.637,1.60,1.80
2009.06.02 08:40:31.203,10.6314,10.637,1.20,1.80
2009.06.02 08:40:32.603,10.6333,10.637,1.60,1.80
2009.06.02 08:40:33.512,10.6333,10.6372,1.60,1.80
2009.06.02 08:40:33.852,10.6342,10.6372,1.60,1.80
2009.06.02 08:40:34.482,10.6337,10.6372,1.60,1.80
2009.06.02 08:41:33.588,10.6337,10.6375,1.60,1.60
2009.06.02 08:42:04.791,10.62965,10.6375,2.20,1.60
2009.06.02 08:42:07.150,10.6318,10.6375,1.60,1.60
2009.06.02 08:42:07.330,10.6328,10.6375,2.20,1.60
2009.06.02 08:42:07.490,10.6334,10.6392,1.20,1.80
2009.06.02 08:42:07.940,10.6337,10.6392,2.20,1.80
2009.06.02 08:42:08.240,10.6346,10.6392,2.20,1.80
2009.06.02 08:42:08.740,10.6348,10.6402,2.20,4.20
2009.06.02 08:42:09.189,10.635,10.6402,2.20,4.20
2009.06.02 08:42:09.539,10.6355,10.6392,1.60,1.80
2009.06.02 08:42:09.759,10.63345,10.6392,2.20,1.80
2009.06.02 08:42:11.759,10.6348,10.6405,1.20,1.80
2009.06.02 08:42:11.989,10.6362,10.6405,1.60,1.80
2009.06.02 08:42:12.339,10.6369,10.6421,1.60,1.80
2009.06.02 08:42:12.518,10.6371,10.6429,1.20,1.80
2009.06.02 08:42:12.878,10.639,10.6448,1.20,1.80
2009.06.02 08:42:14.678,10.6393,10.6447,1.20,1.80
2009.06.02 08:42:15.648,10.6385,10.6439,2.80,1.80
2009.06.02 08:42:15.878,10.6373,10.6425,1.60,1.80
2009.06.02 08:42:16.048,10.6367,10.6425,1.20,1.80
2009.06.02 08:42:16.208,10.6366,10.6424,1.20,1.80
2009.06.02 08:42:26.785,10.6363,10.6417,1.20,1.80
2009.06.02 08:42:27.016,10.6368,10.6422,1.20,1.80
2009.06.02 08:42:37.593,10.6368,10.6422,3.40,1.80
2009.06.02 08:42:43.091,10.636,10.6412,1.60,1.80
2009.06.02 08:42:43.611,10.6357,10.6412,1.60,1.80
2009.06.02 08:42:43.911,10.6357,10.6406,1.60,1.80
2009.06.02 08:42:44.911,10.6357,10.6402,1.60,1.80
2009.06.02 08:42:48.670,10.6357,10.64,1.60,1.80
2009.06.02 08:42:50.690,10.6357,10.6399,1.60,1.80
2009.06.02 08:43:50.325,10.6364,10.6399,1.60,1.80
2009.06.02 08:43:53.225,10.6364,10.6407,1.60,1.60
2009.06.02 08:46:08.492,10.6381,10.6408,1.60,1.60
2009.06.02 08:46:39.384,10.6381,10.6408,1.00,1.60
2009.06.02 08:46:39.674,10.6373,10.6408,1.60,1.60
2009.06.02 08:46:50.342,10.6374,10.6408,1.60,1.60
2009.06.02 08:46:54.101,10.636,10.6408,1.60,1.60
2009.06.02 08:46:55.410,10.6369,10.6408,1.60,1.60
2009.06.02 08:47:00.129,10.6349,10.6399,1.60,1.80
2009.06.02 08:47:09.917,10.6325,10.6383,1.60,1.80
2009.06.02 08:47:10.637,10.6325,10.6374,1.60,1.80
2009.06.02 08:47:29.102,10.6338,10.6372,1.00,1.80
2009.06.02 08:47:29.392,10.6338,10.6372,1.00,1.80
2009.06.02 08:48:10.962,10.634,10.638,1.00,1.60
2009.06.02 08:48:26.219,10.63575,10.638,1.60,1.60
2009.06.02 08:48:26.439,10.637,10.638,1.60,1.60
2009.06.02 08:48:26.668,10.6378,10.6385,2.80,1.20
2009.06.02 08:48:27.428,10.6378,10.6388,2.80,1.80
2009.06.02 08:48:27.548,10.6336,10.6388,1.00,1.80
2009.06.02 08:48:29.368,10.634,10.6378,1.00,1.80
2009.06.02 08:48:30.737,10.634,10.6372,1.00,1.80
2009.06.02 08:48:36.636,10.634,10.6375,1.00,1.80
2009.06.02 08:48:37.546,10.634,10.6372,1.00,1.80
2009.06.02 08:48:40.785,10.634,10.6376,1.00,1.80
2009.06.02 08:48:40.965,10.6349,10.6376,1.60,1.80
2009.06.02 08:48:41.695,10.6349,10.6378,1.60,1.80
2009.06.02 08:48:46.004,10.6349,10.6395,1.60,1.80
2009.06.02 08:48:52.722,10.634,10.6381,1.00,1.80
2009.06.02 08:48:53.482,10.634,10.638,1.00,1.80
2009.06.02 08:48:53.832,10.634,10.6377,1.00,1.80
2009.06.02 08:48:54.242,10.634,10.6379,1.00,1.80
2009.06.02 08:48:54.712,10.634,10.638,1.00,1.80
2009.06.02 08:48:57.011,10.6343,10.6399,1.20,1.80
2009.06.02 08:48:57.291,10.63445,10.6399,1.20,1.80
2009.06.02 08:48:57.621,10.6349,10.6399,1.60,1.80
2009.06.02 08:48:59.191,10.6349,10.6388,1.60,1.80
2009.06.02 08:48:59.650,10.634,10.6388,1.00,1.80
2009.06.02 08:49:00.580,10.634,10.6383,1.00,1.80
2009.06.02 08:49:02.490,10.634,10.6381,1.00,1.80
2009.06.02 08:49:03.010,10.634,10.638,1.00,1.80
2009.06.02 08:49:57.706,10.634,10.6372,1.00,1.80
2009.06.02 08:49:58.047,10.634,10.6377,1.00,1.80
2009.06.02 08:49:59.626,10.634,10.6378,1.00,1.80
2009.06.02 08:50:01.256,10.634,10.6379,1.00,1.80
2009.06.02 08:50:03.775,10.634,10.638,1.00,1.80
2009.06.02 08:51:04.030,10.634,10.6388,1.00,1.60
2009.06.02 08:51:58.957,10.6349,10.6388,1.60,1.60
2009.06.02 08:51:59.817,10.6349,10.6389,1.60,1.60
2009.06.02 08:52:01.107,10.6349,10.6381,1.60,1.80
2009.06.02 08:52:03.896,10.63625,10.6389,2.20,1.60
2009.06.02 08:52:04.336,10.6405,10.6424,2.80,1.20
2009.06.02 08:52:07.155,10.6423,10.6432,9.20,1.20
2009.06.02 08:52:10.235,10.6425,10.6451,9.20,1.20
2009.06.02 08:52:12.124,10.6413,10.6449,11.00,1.20
2009.06.02 08:52:12.244,10.6426,10.6449,1.20,1.20
2009.06.02 08:52:12.414,10.6434,10.6486,1.60,1.80
2009.06.02 08:52:13.294,10.6438,10.64795,1.20,1.20
2009.06.02 08:52:13.584,10.6438,10.6494,1.20,1.80
2009.06.02 08:52:13.804,10.644,10.6494,1.60,1.80
2009.06.02 08:52:15.513,10.644,10.6485,1.60,1.80
2009.06.02 08:52:15.863,10.6431,10.6485,1.20,1.80
2009.06.02 08:52:16.913,10.6427,10.6481,1.20,1.80
2009.06.02 08:52:17.423,10.6426,10.648,1.20,1.80
2009.06.02 08:52:18.223,10.6425,10.6479,1.20,1.80
2009.06.02 08:52:20.072,10.6424,10.6478,1.20,1.80
2009.06.02 08:52:24.491,10.6436,10.6468,1.20,1.60
2009.06.02 08:52:24.961,10.6438,10.6496,1.60,1.80
2009.06.02 08:52:34.709,10.6435,10.6485,2.20,1.80
2009.06.02 08:52:56.913,10.6441,10.6497,3.40,1.80
2009.06.02 08:53:39.034,10.6449,10.6487,1.60,1.20
2009.06.02 08:53:39.203,10.6461,10.6493,2.80,1.20
2009.06.02 08:53:42.053,10.6461,10.6506,2.80,2.80
2009.06.02 08:53:42.462,10.6445,10.6497,2.20,1.80
2009.06.02 08:53:42.783,10.64435,10.6497,2.20,1.80
2009.06.02 08:53:45.272,10.6442,10.6487,1.60,1.80
2009.06.02 08:53:45.572,10.64325,10.6487,1.20,1.80
2009.06.02 08:53:49.121,10.64415,10.6485,2.20,1.80
2009.06.02 08:53:49.471,10.64415,10.6497,2.20,1.80
2009.06.02 08:53:50.041,10.64505,10.6497,1.60,1.80
2009.06.02 08:53:50.271,10.646,10.6505,2.80,2.80
2009.06.02 08:54:08.726,10.6462,10.6495,2.80,1.80
2009.06.02 08:54:09.056,10.6441,10.6495,2.20,1.80
2009.06.02 08:54:15.154,10.6444,10.6495,2.20,1.80
2009.06.02 08:54:15.214,10.6449,10.6502,1.20,1.80
2009.06.02 08:54:26.862,10.6448,10.6492,1.20,1.20
2009.06.02 08:54:54.545,10.644,10.64765,1.60,8.00
2009.06.02 08:54:54.775,10.64435,10.6468,2.20,1.60
2009.06.02 08:54:55.125,10.6448,10.6506,1.20,1.80
2009.06.02 08:54:55.305,10.6451,10.6506,1.60,1.80
2009.06.02 08:54:59.664,10.6451,10.6504,2.20,1.80
2009.06.02 08:55:08.612,10.6457,10.64965,1.60,1.20
2009.06.02 08:55:08.962,10.6457,10.6511,1.60,1.80
2009.06.02 08:55:09.252,10.6466,10.6522,1.20,1.80
2009.06.02 08:55:09.592,10.6482,10.6522,1.60,1.80
2009.06.02 08:55:10.271,10.6482,10.6525,1.60,1.80
2009.06.02 08:55:11.671,10.6484,10.6528,1.60,1.80
2009.06.02 08:55:12.711,10.6484,10.6512,1.60,1.80
2009.06.02 08:55:12.890,10.6457,10.6512,2.20,1.80
2009.06.02 08:55:14.970,10.6461,10.6509,2.20,1.80
2009.06.02 08:55:15.250,10.6461,10.651,2.20,1.80
2009.06.02 08:55:17.090,10.6463,10.6512,2.20,1.80
2009.06.02 08:56:02.089,10.6467,10.6507,2.20,1.80
2009.06.02 08:56:02.319,10.6467,10.6512,2.20,1.80
2009.06.02 08:56:05.688,10.6467,10.651,2.20,1.80
2009.06.02 08:56:06.208,10.6458,10.6512,1.20,1.80
2009.06.02 08:56:06.438,10.6458,10.6484,1.20,1.60
2009.06.02 08:56:07.027,10.6458,10.6516,1.20,1.80
2009.06.02 08:57:07.083,10.64545,10.65045,2.20,1.20
2009.06.02 08:57:38.325,10.6455,10.65045,1.60,1.20
2009.06.02 08:57:38.545,10.6464,10.65045,1.20,1.20
2009.06.02 08:57:38.726,10.6465,10.65095,2.20,1.20
2009.06.02 08:57:47.254,10.6471,10.6524,2.20,2.80
2009.06.02 08:57:56.451,10.64695,10.652,2.20,1.80
2009.06.02 08:57:56.741,10.6471,10.652,2.20,1.80
2009.06.02 08:57:57.031,10.6471,10.6522,2.20,2.80
2009.06.02 08:58:00.590,10.6471,10.652,2.20,1.80
2009.06.02 08:58:00.640,10.64715,10.652,2.20,1.80
2009.06.02 08:58:50.068,10.6476,10.652,2.20,1.80
2009.06.02 08:58:52.768,10.6474,10.652,2.20,1.80
2009.06.02 08:58:55.637,10.6475,10.6522,2.20,2.80
2009.06.02 08:59:00.996,10.647,10.6522,1.60,2.80
2009.06.02 08:59:01.406,10.648,10.6517,1.20,1.20
2009.06.02 08:59:01.635,10.6482,10.6538,1.60,1.80
2009.06.02 08:59:03.085,10.6486,10.654,1.20,1.80
2009.06.02 08:59:05.485,10.6506,10.654,1.60,1.80
2009.06.02 08:59:05.655,10.6516,10.6539,1.20,1.20
2009.06.02 08:59:05.885,10.6511,10.6548,4.60,1.60
2009.06.02 08:59:06.174,10.6511,10.6555,4.60,2.40
2009.06.02 08:59:08.204,10.653,10.6555,1.20,2.40
2009.06.02 08:59:08.594,10.653,10.659,1.20,1.80
2009.06.02 08:59:08.824,10.6548,10.659,1.60,1.80
2009.06.02 08:59:09.353,10.6548,10.66,1.60,1.80
2009.06.02 08:59:09.634,10.6548,10.6601,1.60,1.80
2009.06.02 08:59:10.194,10.655,10.6603,1.60,1.80
2009.06.02 08:59:13.233,10.6553,10.6607,1.20,1.80
2009.06.02 08:59:13.523,10.6556,10.6607,1.60,1.80
2009.06.02 08:59:14.033,10.6561,10.6609,1.60,1.80
2009.06.02 08:59:14.502,10.6556,10.661,2.80,1.80
2009.06.02 08:59:15.642,10.6556,10.661,1.20,1.80
2009.06.02 08:59:41.966,10.6556,10.6589,1.20,1.60
2009.06.02 08:59:42.086,10.655,10.6566,1.60,1.80
2009.06.02 08:59:42.196,10.65165,10.6566,2.20,1.80
2009.06.02 08:59:45.135,10.6515,10.6562,1.60,1.80
2009.06.02 08:59:45.475,10.65055,10.6547,1.20,1.80
2009.06.02 08:59:45.835,10.6517,10.656,1.60,1.80
2009.06.02 08:59:46.175,10.6507,10.656,1.60,1.80
2009.06.02 08:59:46.395,10.6516,10.656,1.60,1.80
2009.06.02 08:59:48.364,10.6518,10.6562,1.60,1.80
2009.06.02 08:59:48.744,10.6519,10.6562,1.60,1.80
2009.06.02 08:59:49.254,10.6515,10.6562,1.60,1.80
2009.06.02 08:59:49.434,10.6551,10.6581,1.60,1.80
2009.06.02 08:59:50.374,10.6551,10.6589,1.60,1.80
2009.06.02 08:59:51.773,10.6555,10.6561,1.60,1.80
2009.06.02 08:59:51.993,10.6511,10.6549,2.20,4.20
2009.06.02 08:59:54.273,10.6541,10.6545,1.20,4.20
2009.06.02 08:59:54.563,10.6536,10.6545,1.60,4.20
2009.06.02 08:59:55.013,10.6536,10.658,1.60,1.80
2009.06.02 08:59:55.343,10.654,10.659,1.60,1.80
2009.06.02 08:59:56.003,10.654,10.6595,1.60,1.80
