2015.01.12 03:05:33.892,9.51006,9.54344,1.75,0.75
2015.01.12 03:06:21.860,9.51445,9.54343,0.75,0.75
2015.01.12 03:09:13.888,9.51,9.54306,1.75,0.75
2015.01.12 03:10:01.849,9.51,9.54343,1.75,0.75
2015.01.12 03:16:05.770,9.52657,9.54343,1.00,0.75
2015.01.12 03:16:05.924,9.52876,9.54842,1.00,1.12
2015.01.12 03:16:05.976,9.52916,9.54842,1.87,1.12
2015.01.12 03:16:06.280,9.53376,9.54544,1.50,1.50
2015.01.12 03:16:09.019,9.53426,9.54594,1.50,1.50
2015.01.12 03:17:08.994,9.53014,9.54864,1.12,1.00
2015.01.12 03:17:20.852,9.53009,9.54864,1.01,1.37
2015.01.12 03:17:27.954,9.53009,9.54925,1.01,1.35
2015.01.12 03:17:31.720,9.53009,9.54925,1.01,1.35
2015.01.12 03:17:50.791,9.53009,9.54914,1.01,1.35
2015.01.12 03:17:53.762,9.53009,9.54914,1.01,1.35
2015.01.12 03:17:57.107,9.53004,9.54914,1.01,1.35
2015.01.12 03:18:17.807,9.53007,9.54902,1.01,1.35
2015.01.12 03:18:30.229,9.53007,9.54902,1.01,1.35
2015.01.12 03:18:40.326,9.52956,9.5423,1.56,0.75
2015.01.12 03:18:41.435,9.52955,9.54204,1.56,0.75
2015.01.12 03:18:41.911,9.52956,9.54494,1.56,1.75
2015.01.12 03:18:42.390,9.52956,9.54494,1.56,1.75
2015.01.12 03:18:42.717,9.52956,9.54334,1.56,1.75
2015.01.12 03:18:43.043,9.52956,9.54244,1.56,1.75
2015.01.12 03:18:43.394,9.52956,9.54244,1.56,1.75
2015.01.12 03:18:43.731,9.53376,9.54214,1.50,1.75
2015.01.12 03:18:43.897,9.53376,9.54214,1.50,1.75
2015.01.12 03:18:43.999,9.53376,9.54544,1.50,2.25
2015.01.12 03:18:53.917,9.53376,9.54544,1.50,1.50
2015.01.12 03:18:59.444,9.53376,9.54544,1.50,2.25
2015.01.12 03:19:07.001,9.53376,9.54544,1.50,2.25
2015.01.12 03:19:07.491,9.53376,9.54544,1.50,2.25
2015.01.12 03:19:07.993,9.53376,9.54544,1.50,2.25
2015.01.12 03:19:16.950,9.53376,9.54544,1.50,2.25
2015.01.12 03:19:17.402,9.53376,9.54464,1.50,1.75
2015.01.12 03:19:18.038,9.53376,9.54304,1.50,1.75
2015.01.12 03:19:18.505,9.53376,9.54244,1.50,1.75
2015.01.12 03:19:19.150,9.53376,9.54458,1.50,1.75
2015.01.12 03:19:29.839,9.53376,9.54544,1.50,2.25
2015.01.12 03:19:30.369,9.53376,9.54544,1.50,2.25
2015.01.12 03:19:30.837,9.53376,9.54544,1.50,2.25
2015.01.12 03:19:31.339,9.53376,9.54304,1.50,1.75
2015.01.12 03:19:31.940,9.53376,9.54224,1.50,1.75
2015.01.12 03:19:32.460,9.53376,9.54234,1.50,1.75
2015.01.12 03:19:33.885,9.53376,9.54544,1.50,2.25
2015.01.12 03:19:39.477,9.53376,9.54544,1.50,2.25
2015.01.12 03:19:39.994,9.53376,9.54464,1.50,1.75
2015.01.12 03:19:40.490,9.53376,9.54304,1.50,1.75
2015.01.12 03:19:40.999,9.53376,9.54265,1.50,1.75
2015.01.12 03:19:41.478,9.53376,9.54458,1.50,1.75
2015.01.12 03:19:43.801,9.52986,9.54221,1.26,0.75
2015.01.12 03:20:01.524,9.52926,9.54221,1.56,0.75
2015.01.12 03:20:04.634,9.52926,9.54221,1.56,0.75
2015.01.12 03:20:05.329,9.52926,9.54201,1.56,0.75
2015.01.12 03:20:05.864,9.52926,9.54174,1.56,0.75
2015.01.12 03:20:06.370,9.52926,9.54464,1.56,1.75
2015.01.12 03:20:06.810,9.52926,9.54304,1.56,1.75
2015.01.12 03:20:07.333,9.52926,9.54274,1.56,1.75
2015.01.12 03:20:07.812,9.52926,9.54244,1.56,1.75
2015.01.12 03:20:43.772,9.52926,9.54201,1.56,0.75
2015.01.12 03:20:44.263,9.52926,9.54174,1.56,0.75
2015.01.12 03:20:44.732,9.52926,9.54494,1.56,1.75
2015.01.12 03:20:45.279,9.52925,9.54335,1.56,1.75
2015.01.12 03:20:45.734,9.52926,9.54244,1.56,1.75
2015.01.12 03:20:49.136,9.52926,9.54219,1.56,0.75
2015.01.12 03:20:54.289,9.52926,9.54173,1.56,0.75
2015.01.12 03:20:54.745,9.52926,9.54454,1.56,1.75
2015.01.12 03:20:54.797,9.52926,9.54454,1.56,1.75
2015.01.12 03:20:55.289,9.52926,9.54294,1.56,1.75
2015.01.12 03:20:55.753,9.52926,9.54274,1.56,1.75
2015.01.12 03:20:56.389,9.52926,9.54458,1.56,1.75
2015.01.12 03:21:10.639,9.52916,9.54682,1.26,1.12
2015.01.12 03:21:11.580,9.52916,9.54682,1.26,1.12
2015.01.12 03:21:15.186,9.52916,9.54682,1.26,1.12
2015.01.12 03:21:18.723,9.52916,9.54682,1.26,1.12
2015.01.12 03:21:20.701,9.52916,9.54682,1.26,1.12
2015.01.12 03:21:21.230,9.52916,9.54682,1.26,1.12
2015.01.12 03:21:21.703,9.52916,9.54682,1.26,1.12
2015.01.12 03:21:22.204,9.52916,9.54138,1.26,0.75
2015.01.12 03:21:22.524,9.53156,9.54324,1.50,2.25
2015.01.12 03:21:22.832,9.53156,9.54294,1.50,1.75
2015.01.12 03:21:23.207,9.53156,9.54294,1.50,1.75
2015.01.12 03:21:23.708,9.53156,9.54264,1.50,1.75
2015.01.12 03:21:24.490,9.53085,9.54255,1.57,2.25
2015.01.12 03:21:28.670,9.53085,9.54255,1.76,2.25
2015.01.12 03:21:49.918,9.53085,9.54255,1.57,2.25
2015.01.12 03:21:50.425,9.53085,9.54255,1.57,2.25
2015.01.12 03:21:51.077,9.53085,9.54255,1.57,2.25
2015.01.12 03:21:51.805,9.53085,9.54255,1.57,2.25
2015.01.12 03:21:52.308,9.53085,9.54234,1.57,1.75
2015.01.12 03:21:52.809,9.53026,9.54194,1.57,1.50
2015.01.12 03:22:11.330,9.53026,9.54194,1.57,2.25
2015.01.12 03:22:11.852,9.53026,9.54194,1.57,2.25
2015.01.12 03:22:12.432,9.53026,9.54194,1.57,2.25
2015.01.12 03:22:12.937,9.53026,9.54194,1.57,2.25
2015.01.12 03:22:13.442,9.53026,9.54194,1.57,1.50
2015.01.12 03:22:14.397,9.53416,9.54584,1.50,2.25
2015.01.12 03:23:00.459,9.53416,9.54445,1.50,1.75
2015.01.12 03:23:00.762,9.53416,9.54334,1.50,1.75
2015.01.12 03:23:01.599,9.53316,9.54305,1.50,1.75
2015.01.12 03:23:02.087,9.53316,9.54274,1.50,1.75
2015.01.12 03:23:02.567,9.53316,9.54245,1.50,1.75
2015.01.12 03:23:03.109,9.53316,9.54214,1.50,1.75
2015.01.12 03:23:03.261,9.53146,9.54214,1.50,1.75
2015.01.12 03:23:03.568,9.53146,9.54214,1.50,1.75
2015.01.12 03:23:18.334,9.53146,9.54314,1.50,1.50
2015.01.12 03:23:18.436,9.53296,9.54464,1.50,1.50
2015.01.12 03:23:18.894,9.53296,9.54464,1.50,2.25
2015.01.12 03:23:18.994,9.53296,9.54464,1.50,2.25
2015.01.12 03:23:19.095,9.53396,9.54564,1.50,2.25
2015.01.12 03:23:34.213,9.53396,9.54444,1.50,1.75
2015.01.12 03:23:34.366,9.53186,9.54354,1.50,2.25
2015.01.12 03:23:34.670,9.53186,9.54354,1.50,2.25
2015.01.12 03:23:35.280,9.53186,9.54344,1.50,1.75
2015.01.12 03:23:35.482,9.53186,9.54354,1.50,2.25
2015.01.12 03:23:35.888,9.53186,9.54354,1.50,2.25
2015.01.12 03:23:36.501,9.53326,9.54494,1.50,2.25
2015.01.12 03:23:45.409,9.53326,9.54494,1.50,2.25
2015.01.12 03:23:45.906,9.53326,9.54384,1.50,1.75
2015.01.12 03:23:46.262,9.53225,9.54384,1.50,1.75
2015.01.12 03:23:46.398,9.53225,9.54384,1.50,1.75
2015.01.12 03:23:46.899,9.53225,9.54264,1.50,1.75
2015.01.12 03:23:47.240,9.53146,9.54234,1.50,1.75
2015.01.12 03:23:47.517,9.53146,9.54314,1.50,2.25
2015.01.12 03:23:47.618,9.53146,9.54314,1.50,2.25
2015.01.12 03:23:48.996,9.53396,9.54564,1.50,2.25
2015.01.12 03:24:04.766,9.53396,9.54564,1.50,2.25
2015.01.12 03:24:05.413,9.53396,9.54444,1.50,1.75
2015.01.12 03:24:05.514,9.53336,9.54324,1.50,1.75
2015.01.12 03:24:05.914,9.53336,9.54324,1.50,1.75
2015.01.12 03:24:06.416,9.53336,9.54265,1.50,1.75
2015.01.12 03:24:06.717,9.53165,9.54234,1.50,1.75
2015.01.12 03:24:06.916,9.53165,9.54234,1.50,1.75
2015.01.12 03:24:07.018,9.53165,9.54335,1.50,2.25
2015.01.12 03:24:07.271,9.53165,9.54335,1.50,2.25
2015.01.12 03:24:11.444,9.53386,9.54554,1.50,2.25
2015.01.12 03:25:07.698,9.53386,9.54554,1.50,2.25
2015.01.12 03:25:11.410,9.53386,9.54554,1.50,2.25
2015.01.12 03:25:11.461,9.52915,9.54706,1.26,1.12
2015.01.12 03:25:11.962,9.52915,9.54167,1.26,0.75
2015.01.12 03:25:12.440,9.52916,9.54454,1.26,1.75
2015.01.12 03:25:12.743,9.52916,9.54294,1.26,1.75
2015.01.12 03:25:12.942,9.52916,9.54294,1.26,1.75
2015.01.12 03:25:13.245,9.53096,9.54264,1.50,3.00
2015.01.12 03:25:13.610,9.53096,9.54264,1.50,3.00
2015.01.12 03:25:13.964,9.53096,9.54264,1.50,2.25
2015.01.12 03:25:14.952,9.53096,9.54264,1.50,2.25
2015.01.12 03:25:15.573,9.53096,9.54264,1.50,2.25
2015.01.12 03:25:16.144,9.53096,9.54264,1.50,2.25
2015.01.12 03:25:16.659,9.53096,9.54264,1.50,2.25
2015.01.12 03:25:17.181,9.53096,9.54264,1.50,2.25
2015.01.12 03:25:17.345,9.53025,9.54195,1.50,2.25
2015.01.12 03:25:17.641,9.53025,9.54195,1.50,1.50
2015.01.12 03:25:18.595,9.53086,9.54254,1.50,2.25
2015.01.12 03:25:22.865,9.53086,9.54254,1.57,2.25
2015.01.12 03:25:40.465,9.53086,9.54254,1.57,2.25
2015.01.12 03:25:40.956,9.53086,9.54254,1.57,2.25
2015.01.12 03:25:41.431,9.53086,9.54254,1.57,2.25
2015.01.12 03:25:41.931,9.53086,9.54254,1.57,2.25
2015.01.12 03:25:42.435,9.53016,9.54184,1.57,1.50
2015.01.12 03:25:44.294,9.53075,9.54245,1.57,2.25
2015.01.12 03:26:08.081,9.53075,9.54245,1.57,2.25
2015.01.12 03:26:08.583,9.53075,9.54245,1.57,2.25
2015.01.12 03:26:09.124,9.53075,9.54245,1.57,2.25
2015.01.12 03:26:09.586,9.53075,9.54234,1.57,1.75
2015.01.12 03:26:10.187,9.53075,9.54234,1.57,1.75
2015.01.12 03:26:17.864,9.53075,9.54245,1.57,2.25
2015.01.12 03:26:24.168,9.53075,9.54245,1.57,2.25
2015.01.12 03:26:24.796,9.53075,9.54245,1.57,2.25
2015.01.12 03:26:25.106,9.53156,9.54324,1.50,2.25
2015.01.12 03:26:25.424,9.53376,9.54544,1.50,2.25
2015.01.12 03:26:31.054,9.52916,9.54212,2.81,0.75
2015.01.12 03:26:31.829,9.53406,9.54574,1.50,2.25
2015.01.12 03:26:32.335,9.53406,9.54574,1.50,2.25
2015.01.12 03:26:32.795,9.53406,9.54574,1.50,2.25
2015.01.12 03:26:33.243,9.53046,9.54214,1.57,2.25
2015.01.12 03:26:33.297,9.53046,9.54214,1.57,2.25
2015.01.12 03:26:33.834,9.53046,9.54214,1.57,1.87
2015.01.12 03:26:40.035,9.53046,9.54214,1.76,1.87
2015.01.12 03:26:40.909,9.53046,9.54214,1.76,2.25
2015.01.12 03:26:41.402,9.53046,9.54214,1.76,2.25
2015.01.12 03:26:41.939,9.53046,9.54214,1.76,2.25
2015.01.12 03:26:42.406,9.53046,9.54214,1.76,2.25
2015.01.12 03:26:43.055,9.53046,9.54214,1.57,3.00
2015.01.12 03:26:43.545,9.53046,9.54214,1.57,1.50
2015.01.12 03:26:44.353,9.53106,9.54274,1.50,2.25
2015.01.12 03:26:56.895,9.53106,9.54274,1.50,2.25
2015.01.12 03:26:57.438,9.53106,9.54274,1.50,2.25
2015.01.12 03:26:57.893,9.53106,9.54274,1.50,2.25
2015.01.12 03:26:58.256,9.53056,9.54224,1.57,2.25
2015.01.12 03:26:58.415,9.53056,9.54224,1.57,2.25
2015.01.12 03:26:58.902,9.53056,9.54224,1.57,2.25
2015.01.12 03:26:59.441,9.53056,9.54224,1.57,2.25
2015.01.12 03:26:59.543,9.53056,9.54224,1.57,2.25
2015.01.12 03:27:03.103,9.53056,9.54224,1.76,2.25
2015.01.12 03:27:03.204,9.53386,9.54554,1.50,2.25
2015.01.12 03:27:09.624,9.53386,9.54554,1.50,2.25
2015.01.12 03:27:10.144,9.53386,9.54554,1.50,2.25
2015.01.12 03:27:10.613,9.53386,9.54484,1.50,1.75
2015.01.12 03:27:10.664,9.53176,9.54344,1.50,2.25
2015.01.12 03:27:11.111,9.53176,9.54324,1.50,1.75
2015.01.12 03:27:11.522,9.53306,9.54264,1.50,1.75
2015.01.12 03:27:11.875,9.53306,9.54264,1.50,1.75
2015.01.12 03:27:12.184,9.53306,9.54254,1.50,1.75
2015.01.12 03:27:12.235,9.53306,9.54254,1.50,1.75
2015.01.12 03:27:12.439,9.53136,9.54304,1.50,2.25
2015.01.12 03:27:13.392,9.53395,9.54565,1.50,2.25
2015.01.12 03:27:23.861,9.53395,9.54565,1.50,2.25
2015.01.12 03:27:24.369,9.53395,9.54484,1.50,1.75
2015.01.12 03:27:24.912,9.53395,9.54324,1.50,1.75
2015.01.12 03:27:25.189,9.53186,9.54264,1.50,1.75
2015.01.12 03:27:25.393,9.53186,9.54264,1.50,1.75
2015.01.12 03:27:25.883,9.53186,9.54234,1.50,1.75
2015.01.12 03:27:26.152,9.53406,9.54574,1.50,2.25
2015.01.12 03:27:35.618,9.53406,9.54574,1.50,2.25
2015.01.12 03:27:36.162,9.53406,9.54574,1.50,2.25
2015.01.12 03:27:36.639,9.53406,9.54574,1.50,2.25
2015.01.12 03:27:36.948,9.53346,9.54494,1.50,1.75
2015.01.12 03:27:37.174,9.53346,9.54334,1.50,1.75
2015.01.12 03:27:37.676,9.53346,9.54264,1.50,1.75
2015.01.12 03:27:38.234,9.53346,9.54334,1.50,1.75
2015.01.12 03:27:38.386,9.53206,9.54334,1.50,1.75
2015.01.12 03:27:38.437,9.53206,9.54314,1.50,1.75
2015.01.12 03:27:38.966,9.53206,9.54334,1.50,1.75
2015.01.12 03:27:41.332,9.53115,9.54285,1.50,2.25
2015.01.12 03:27:41.434,9.53115,9.54285,1.50,2.25
2015.01.12 03:27:44.674,9.53115,9.54285,1.50,1.50
2015.01.12 03:27:44.776,9.53115,9.5359,1.50,6.00
2015.01.12 03:27:45.085,9.53206,9.53547,1.50,1.67
2015.01.12 03:27:45.136,9.53206,9.54374,1.50,1.50
2015.01.12 03:27:45.919,9.53206,9.54313,1.50,1.00
2015.01.12 03:27:46.223,9.53206,9.54243,1.50,1.00
2015.01.12 03:27:46.838,9.53206,9.54244,1.50,1.00
2015.01.12 03:27:47.365,9.53206,9.54234,1.50,1.97
2015.01.12 03:27:51.629,9.53206,9.54244,1.50,1.00
2015.01.12 03:27:51.680,9.53206,9.54374,1.50,1.50
2015.01.12 03:27:55.109,9.53206,9.54374,1.50,2.25
2015.01.12 03:27:55.314,9.53206,9.54374,1.50,1.50
2015.01.12 03:27:55.516,9.53206,9.54374,1.50,2.25
2015.01.12 03:27:55.618,9.53206,9.54374,1.50,1.50
2015.01.12 03:27:55.820,9.53206,9.54374,1.50,2.25
2015.01.12 03:27:56.122,9.53266,9.54434,1.50,2.25
2015.01.12 03:27:56.821,9.53266,9.54434,1.50,1.50
2015.01.12 03:27:57.023,9.53266,9.54434,1.50,2.25
2015.01.12 03:27:57.226,9.53325,9.54495,1.50,1.50
2015.01.12 03:27:58.725,9.53325,9.54495,1.50,2.25
2015.01.12 03:28:00.070,9.53325,9.54495,1.50,2.25
2015.01.12 03:28:00.171,9.53325,9.54495,1.50,1.50
2015.01.12 03:28:00.272,9.53206,9.54374,1.50,1.50
2015.01.12 03:28:01.242,9.53356,9.54524,1.50,1.50
2015.01.12 03:28:02.786,9.53356,9.54524,1.50,2.25
2015.01.12 03:28:02.888,9.53356,9.54524,1.50,1.50
2015.01.12 03:28:03.091,9.53356,9.54524,1.50,2.25
2015.01.12 03:28:03.394,9.53356,9.54524,1.50,2.25
2015.01.12 03:28:04.123,9.53216,9.54384,1.50,1.50
2015.01.12 03:28:05.281,9.53216,9.54384,1.50,2.25
2015.01.12 03:28:05.484,9.53216,9.54384,1.50,1.50
2015.01.12 03:28:05.687,9.53216,9.54384,1.50,2.25
2015.01.12 03:28:05.788,9.53216,9.54384,1.50,1.50
2015.01.12 03:28:06.204,9.53296,9.54464,1.50,1.50
2015.01.12 03:28:06.888,9.53296,9.54464,1.50,2.25
2015.01.12 03:28:07.090,9.53296,9.54464,1.50,1.50
2015.01.12 03:28:08.698,9.53296,9.54464,1.50,2.25
2015.01.12 03:28:10.637,9.53296,9.54464,1.50,1.50
2015.01.12 03:28:10.708,9.53296,9.54464,1.50,2.25
2015.01.12 03:28:11.012,9.53296,9.54464,1.50,2.25
2015.01.12 03:28:11.114,9.53296,9.54464,1.50,1.50
2015.01.12 03:28:11.165,9.53246,9.54414,1.50,1.50
2015.01.12 03:28:13.728,9.53246,9.54414,1.50,2.25
2015.01.12 03:28:15.537,9.53246,9.54414,1.50,2.25
2015.01.12 03:28:15.639,9.53246,9.54414,1.50,2.25
2015.01.12 03:28:15.741,9.53246,9.54414,1.50,1.50
2015.01.12 03:28:18.466,9.53246,9.54414,1.50,2.25
2015.01.12 03:28:18.567,9.53246,9.54414,1.50,1.50
2015.01.12 03:28:20.756,9.53295,9.54465,1.50,1.50
2015.01.12 03:28:20.857,9.53295,9.54465,1.50,2.25
2015.01.12 03:28:20.966,9.53295,9.54465,1.50,2.25
2015.01.12 03:28:21.067,9.53295,9.54465,1.50,1.50
2015.01.12 03:28:23.305,9.53295,9.54465,1.50,2.25
2015.01.12 03:28:23.407,9.53295,9.54465,1.50,1.50
2015.01.12 03:28:23.728,9.53295,9.54465,1.50,2.25
2015.01.12 03:28:23.831,9.53295,9.54465,1.50,1.50
2015.01.12 03:28:24.142,9.53406,9.54574,1.50,1.50
2015.01.12 03:28:25.804,9.53246,9.54414,1.50,1.87
2015.01.12 03:28:25.906,9.53246,9.54414,1.50,1.50
2015.01.12 03:28:29.500,9.53246,9.54414,1.50,2.25
2015.01.12 03:28:30.850,9.53246,9.54414,1.50,1.50
2015.01.12 03:28:31.154,9.53246,9.54414,1.50,2.25
2015.01.12 03:28:31.256,9.53246,9.54414,1.50,1.50
2015.01.12 03:28:31.306,9.53246,9.54414,1.50,2.25
2015.01.12 03:28:32.391,9.53166,9.54334,1.50,1.50
2015.01.12 03:28:33.153,9.53316,9.54484,1.50,1.50
2015.01.12 03:28:34.131,9.53216,9.54384,1.50,1.50
2015.01.12 03:28:35.873,9.53216,9.54384,1.50,2.25
2015.01.12 03:28:35.975,9.53216,9.54384,1.50,1.50
2015.01.12 03:28:36.228,9.53306,9.54474,1.50,2.25
2015.01.12 03:28:40.801,9.53306,9.54474,1.50,1.50
2015.01.12 03:28:40.904,9.53306,9.54474,1.50,2.25
2015.01.12 03:28:41.008,9.53306,9.54474,1.50,2.25
2015.01.12 03:28:41.111,9.53306,9.54474,1.50,1.50
2015.01.12 03:28:42.272,9.53196,9.54364,1.50,1.50
2015.01.12 03:28:46.143,9.53196,9.54364,1.50,2.25
2015.01.12 03:28:46.245,9.53196,9.54364,1.50,2.25
2015.01.12 03:28:46.347,9.53196,9.54364,1.50,1.50
2015.01.12 03:28:49.346,9.53196,9.54364,1.50,2.25
2015.01.12 03:28:49.572,9.53196,9.54364,1.50,1.50
2015.01.12 03:28:49.724,9.53196,9.54239,1.50,2.10
2015.01.12 03:28:50.029,9.53196,9.53567,1.50,1.47
2015.01.12 03:28:50.086,9.53316,9.53884,1.50,1.50
2015.01.12 03:28:50.341,9.53076,9.54154,1.69,1.00
2015.01.12 03:28:50.786,9.53136,9.54188,1.50,1.65
2015.01.12 03:28:50.888,9.53136,9.542,1.50,2.01
2015.01.12 03:28:50.989,9.53136,9.54234,1.50,1.69
2015.01.12 03:28:51.092,9.53136,9.54137,1.50,1.00
2015.01.12 03:28:51.193,9.53065,9.54119,1.69,1.00
2015.01.12 03:28:51.295,9.53065,9.54113,1.69,1.00
2015.01.12 03:28:51.721,9.53065,9.54104,1.69,2.22
2015.01.12 03:28:52.614,9.53065,9.54104,1.69,2.22
2015.01.12 03:28:53.171,9.53275,9.53845,1.50,1.50
2015.01.12 03:29:48.928,9.53275,9.53845,1.50,2.25
2015.01.12 03:29:53.193,9.52985,9.53924,1.19,1.12
2015.01.12 03:29:55.259,9.52986,9.53924,1.19,1.12
2015.01.12 03:30:00.289,9.52986,9.53884,1.19,1.12
2015.01.12 03:30:00.391,9.52986,9.5389,1.19,1.37
2015.01.12 03:30:00.492,9.52986,9.53851,1.19,1.00
2015.01.12 03:30:00.593,9.52986,9.53905,1.19,2.20
2015.01.12 03:30:00.695,9.52986,9.53931,1.19,2.03
2015.01.12 03:30:01.506,9.52986,9.53912,1.19,1.12
2015.01.12 03:30:01.611,9.52986,9.53974,1.19,1.42
2015.01.12 03:30:01.713,9.52985,9.53905,1.19,1.48
2015.01.12 03:30:02.017,9.53206,9.53774,1.50,1.50
2015.01.12 03:30:09.913,9.53206,9.53774,1.50,2.62
2015.01.12 03:30:40.683,9.53206,9.53744,1.50,1.12
2015.01.12 03:30:46.714,9.53206,9.53734,1.50,1.12
2015.01.12 03:30:46.917,9.53206,9.53734,1.50,1.12
2015.01.12 03:31:01.742,9.53206,9.53754,1.50,1.12
2015.01.12 03:31:01.844,9.52948,9.53754,1.19,1.12
2015.01.12 03:31:01.946,9.52932,9.53764,1.19,1.47
2015.01.12 03:31:02.047,9.52926,9.54298,1.19,1.35
2015.01.12 03:31:02.099,9.52926,9.54438,1.00,1.75
2015.01.12 03:31:02.150,9.52926,9.54366,1.00,2.25
2015.01.12 03:31:02.201,9.53306,9.53874,1.50,1.50
2015.01.12 03:31:03.980,9.53076,9.54244,1.50,2.25
2015.01.12 03:31:19.821,9.53092,9.54079,1.00,1.75
2015.01.12 03:31:20.125,9.53286,9.53854,1.50,1.50
2015.01.12 03:31:21.032,9.53286,9.53844,1.50,1.56
2015.01.12 03:31:21.540,9.53286,9.53784,1.50,2.10
2015.01.12 03:31:21.799,9.53226,9.53784,1.50,1.50
2015.01.12 03:31:22.002,9.53226,9.53732,1.50,1.51
2015.01.12 03:31:22.306,9.53196,9.53524,1.50,1.50
2015.01.12 03:31:27.289,9.53106,9.53434,1.50,1.50
2015.01.12 03:31:33.233,9.53156,9.53484,1.50,1.50
2015.01.12 03:31:58.341,9.5324,9.53484,1.60,1.50
2015.01.12 03:31:58.543,9.53506,9.53834,1.50,2.25
2015.01.12 03:31:58.646,9.53506,9.53834,1.50,2.25
2015.01.12 03:32:00.252,9.53506,9.53834,1.50,2.25
2015.01.12 03:32:00.952,9.53506,9.53784,1.50,1.12
2015.01.12 03:32:01.054,9.53226,9.53554,1.50,2.25
2015.01.12 03:32:01.257,9.53226,9.53554,1.50,2.25
2015.01.12 03:32:01.358,9.53226,9.53554,1.50,1.50
2015.01.12 03:32:02.855,9.53226,9.53554,1.50,2.25
2015.01.12 03:32:13.781,9.53226,9.53554,1.50,1.50
2015.01.12 03:32:14.034,9.53126,9.53454,1.50,1.50
2015.01.12 03:32:21.545,9.53176,9.53504,1.50,1.87
2015.01.12 03:32:28.922,9.53176,9.53504,1.50,1.50
2015.01.12 03:32:41.764,9.53226,9.53554,1.50,2.25
2015.01.12 03:32:45.371,9.53226,9.53554,1.50,1.50
2015.01.12 03:32:45.726,9.53326,9.53654,1.50,1.50
2015.01.12 03:32:48.057,9.53326,9.53654,1.50,2.25
2015.01.12 03:32:48.667,9.53326,9.53654,1.50,2.25
2015.01.12 03:32:48.819,9.53236,9.53564,1.50,2.25
2015.01.12 03:33:11.650,9.53236,9.53564,1.50,1.50
2015.01.12 03:33:11.701,9.53306,9.53634,1.50,1.50
2015.01.12 03:33:12.005,9.53396,9.53724,1.50,1.50
2015.01.12 03:33:13.829,9.53396,9.53724,1.50,2.25
2015.01.12 03:33:14.134,9.53396,9.53724,1.50,2.25
2015.01.12 03:33:14.236,9.53316,9.53644,1.50,2.25
2015.01.12 03:33:14.337,9.53246,9.53574,1.50,1.50
2015.01.12 03:33:14.439,9.53246,9.53574,1.50,2.25
2015.01.12 03:34:14.414,9.53081,9.53634,1.00,1.12
2015.01.12 03:34:16.079,9.53081,9.53634,1.00,1.12
2015.01.12 03:34:18.725,9.53083,9.53634,1.00,1.12
2015.01.12 03:34:25.044,9.53079,9.53635,1.00,1.12
2015.01.12 03:34:30.078,9.5308,9.53635,1.00,1.12
2015.01.12 03:34:36.055,9.53057,9.53624,1.00,1.12
2015.01.12 03:34:58.837,9.53063,9.53624,1.00,1.12
2015.01.12 03:35:17.772,9.53063,9.53624,1.00,1.12
2015.01.12 03:35:31.456,9.53053,9.53634,1.00,1.12
2015.01.12 03:35:40.712,9.53057,9.53634,1.00,1.12
2015.01.12 03:35:50.149,9.53061,9.53635,1.00,1.12
2015.01.12 03:36:15.604,9.53064,9.53634,1.00,1.12
2015.01.12 03:36:18.687,9.53142,9.53666,1.00,1.75
2015.01.12 03:36:18.789,9.53142,9.53724,1.00,1.12
2015.01.12 03:36:18.840,9.53306,9.53634,1.50,1.50
2015.01.12 03:36:19.815,9.53306,9.53634,1.50,2.25
2015.01.12 03:36:25.148,9.53306,9.53634,1.50,1.50
2015.01.12 03:36:25.199,9.53246,9.53574,1.50,1.50
2015.01.12 03:36:25.503,9.53246,9.53574,1.50,2.25
2015.01.12 03:37:25.366,9.5306,9.53634,1.00,1.12
2015.01.12 03:37:26.555,9.5306,9.53634,1.00,1.12
2015.01.12 03:37:36.106,9.53056,9.53634,1.00,1.12
2015.01.12 03:37:44.395,9.53052,9.53634,1.00,1.12
2015.01.12 03:37:56.924,9.53056,9.53634,1.00,1.12
2015.01.12 03:38:27.184,9.53053,9.53634,1.00,1.12
2015.01.12 03:39:32.063,9.53053,9.53634,1.00,1.12
2015.01.12 03:39:37.771,9.53056,9.53634,1.00,1.12
2015.01.12 03:40:30.400,9.53055,9.53634,1.00,1.12
2015.01.12 03:40:34.068,9.53055,9.53634,1.00,1.12
2015.01.12 03:40:34.743,9.53056,9.53634,1.00,1.12
2015.01.12 03:40:41.052,9.53053,9.53634,1.00,1.12
2015.01.12 03:40:58.903,9.53052,9.53634,1.00,1.12
2015.01.12 03:41:09.433,9.53053,9.53634,1.00,1.12
2015.01.12 03:41:23.730,9.53056,9.53635,1.00,1.12
2015.01.12 03:41:36.208,9.53056,9.53634,1.00,1.12
2015.01.12 03:41:56.034,9.53055,9.53634,1.00,1.12
2015.01.12 03:42:04.962,9.53053,9.53634,1.00,1.12
2015.01.12 03:42:38.524,9.53053,9.53634,1.00,1.12
2015.01.12 03:43:05.284,9.53056,9.53634,1.00,1.12
2015.01.12 03:43:50.791,9.53053,9.53634,1.00,1.12
2015.01.12 03:44:38.729,9.53053,9.53634,1.00,1.12
2015.01.12 03:44:38.779,9.53043,9.53634,1.19,1.12
2015.01.12 03:44:40.037,9.53043,9.53634,1.00,1.12
2015.01.12 03:44:46.859,9.53042,9.53634,1.00,1.12
2015.01.12 03:45:07.396,9.53043,9.53634,1.00,1.12
2015.01.12 03:45:16.354,9.53049,9.53634,1.00,1.12
2015.01.12 03:45:25.578,9.53046,9.53634,1.00,1.12
2015.01.12 03:45:38.985,9.53046,9.53634,1.00,1.12
2015.01.12 03:45:51.229,9.53043,9.53634,1.00,1.12
2015.01.12 03:45:53.879,9.53043,9.53634,1.00,1.12
2015.01.12 03:45:53.930,9.53123,9.5367,1.00,1.75
2015.01.12 03:45:56.214,9.53295,9.53625,1.50,2.25
2015.01.12 03:45:57.889,9.53295,9.53625,1.50,1.50
2015.01.12 03:45:57.991,9.53295,9.53625,1.50,2.25
2015.01.12 03:46:03.785,9.53295,9.53625,1.50,2.25
2015.01.12 03:46:03.836,9.53236,9.53564,1.50,2.25
2015.01.12 03:46:55.690,9.53236,9.53564,1.50,2.25
2015.01.12 03:47:04.247,9.53048,9.53634,1.00,1.12
2015.01.12 03:47:24.106,9.53049,9.53634,1.00,1.12
2015.01.12 03:47:59.502,9.53049,9.53634,1.00,1.12
2015.01.12 03:48:49.647,9.53048,9.53634,1.00,1.12
2015.01.12 03:49:18.151,9.53049,9.53634,1.00,1.12
2015.01.12 03:50:04.513,9.53049,9.53634,1.00,1.12
2015.01.12 03:50:15.633,9.53049,9.53644,1.00,1.84
2015.01.12 03:50:15.734,9.53049,9.53672,1.00,1.75
2015.01.12 03:50:15.937,9.53049,9.53686,1.00,1.12
2015.01.12 03:50:16.264,9.53049,9.53644,1.00,1.12
2015.01.12 03:51:16.523,9.53049,9.53624,1.00,1.12
2015.01.12 03:51:30.653,9.5305,9.53624,1.00,1.12
2015.01.12 03:52:18.750,9.5305,9.53625,1.00,1.12
2015.01.12 03:53:24.547,9.53049,9.53624,1.00,1.12
2015.01.12 03:53:34.700,9.5305,9.53624,1.00,1.12
2015.01.12 03:54:03.164,9.53049,9.53624,1.00,1.12
2015.01.12 03:54:21.709,9.5305,9.53624,1.00,1.12
2015.01.12 03:55:03.380,9.53054,9.53624,1.00,1.12
2015.01.12 03:55:03.781,9.53175,9.53505,1.50,1.50
2015.01.12 03:56:03.622,9.53054,9.53625,1.00,1.12
2015.01.12 03:57:29.549,9.53054,9.53625,1.00,1.12
2015.01.12 03:58:30.994,9.53054,9.53625,1.00,1.12
