2010.02.24 23:01:36.250,9.7622,9.7699,1.60,2.30
2010.02.24 23:01:38.769,9.7622,9.7697,1.70,2.30
2010.02.24 23:02:39.515,9.7622,9.7697,1.60,2.30
2010.02.24 23:06:36.141,9.76175,9.7697,1.00,1.00
2010.02.24 23:09:29.218,9.7622,9.7697,1.00,2.30
2010.02.24 23:09:29.733,9.76175,9.7697,1.00,2.30
2010.02.24 23:09:30.879,9.7622,9.7697,1.60,2.30
2010.02.24 23:09:42.782,9.7622,9.7697,1.00,2.30
2010.02.24 23:09:43.881,9.7622,9.7697,1.60,2.30
2010.02.24 23:10:10.914,9.76175,9.7697,1.00,2.30
2010.02.24 23:10:11.701,9.7622,9.7697,1.60,2.30
2010.02.24 23:11:05.757,9.7622,9.76905,1.60,3.20
2010.02.24 23:11:06.099,9.7622,9.7688,1.60,3.20
2010.02.24 23:12:05.848,9.7622,9.7697,1.60,2.30
2010.02.24 23:15:13.340,9.76175,9.7697,1.00,1.00
2010.02.24 23:23:42.569,9.7618,9.77,1.00,1.00
2010.02.24 23:23:43.695,9.7622,9.7697,1.00,1.00
2010.02.24 23:24:45.536,9.7618,9.77,1.00,1.00
2010.02.24 23:26:27.188,9.7619,9.7694,1.00,1.60
2010.02.24 23:26:37.633,9.7622,9.7697,1.60,1.70
2010.02.24 23:26:40.742,9.7622,9.7697,1.70,1.70
2010.02.24 23:26:47.684,9.762,9.7694,1.00,1.60
2010.02.24 23:26:59.067,9.7624,9.7697,1.60,1.00
2010.02.24 23:27:01.989,9.7626,9.7697,1.00,1.00
2010.02.24 23:27:02.922,9.7627,9.7697,1.00,1.00
2010.02.24 23:27:04.526,9.7624,9.7697,1.60,1.00
2010.02.24 23:27:04.701,9.7622,9.76885,1.70,1.00
2010.02.24 23:27:07.206,9.7622,9.76885,1.60,1.00
2010.02.24 23:27:07.473,9.7619,9.76805,1.60,1.60
2010.02.24 23:27:07.703,9.7619,9.7678,1.60,1.00
2010.02.24 23:27:16.140,9.7603,9.7676,2.40,1.00
2010.02.24 23:27:16.290,9.7603,9.7674,1.60,1.00
2010.02.24 23:27:18.733,9.762,9.76925,1.60,1.00
2010.02.24 23:27:19.709,9.76055,9.7691,1.00,1.00
2010.02.24 23:29:17.067,9.7594,9.7672,1.60,1.00
2010.02.24 23:30:02.966,9.7584,9.7662,1.60,1.00
2010.02.24 23:31:11.836,9.75785,9.7639,1.00,1.60
2010.02.24 23:31:12.265,9.75785,9.76305,1.00,1.00
2010.02.24 23:31:15.697,9.75785,9.76215,1.00,1.00
2010.02.24 23:31:21.277,9.75785,9.76215,1.00,2.40
2010.02.24 23:31:21.806,9.75785,9.76125,1.00,1.60
2010.02.24 23:32:51.611,9.75725,9.76125,1.60,1.60
2010.02.24 23:33:23.840,9.75725,9.76045,1.60,1.60
2010.02.24 23:34:22.815,9.7583,9.7605,1.60,1.00
2010.02.24 23:35:07.043,9.758,9.76025,1.00,1.60
2010.02.24 23:35:07.128,9.75775,9.76025,1.60,1.60
2010.02.24 23:37:52.366,9.75775,9.76075,1.60,1.60
2010.02.24 23:44:30.149,9.75795,9.76075,1.60,1.60
2010.02.24 23:48:02.980,9.75795,9.76125,1.60,1.60
2010.02.24 23:48:21.492,9.75795,9.76075,1.60,1.60
2010.02.24 23:49:17.330,9.7587,9.7612,1.60,1.60
2010.02.24 23:52:09.786,9.75795,9.76075,1.60,1.60
2010.02.24 23:54:53.304,9.7588,9.7615,1.60,1.60
2010.02.24 23:54:53.910,9.7588,9.7615,1.60,2.40
2010.02.24 23:55:04.615,9.7595,9.7615,1.60,1.00
2010.02.24 23:55:05.271,9.7595,9.762,1.60,4.00
2010.02.24 23:55:09.944,9.75975,9.762,1.60,1.00
2010.02.24 23:55:10.291,9.75975,9.76225,1.60,1.60
2010.02.24 23:55:14.463,9.7595,9.762,1.60,1.60
2010.02.24 23:55:15.156,9.75925,9.76175,1.60,1.60
2010.02.24 23:57:30.414,9.7595,9.762,1.60,1.60
2010.02.24 23:58:44.941,9.75975,9.7632,1.60,1.60
2010.02.24 23:58:45.052,9.7605,9.7632,1.60,1.60
2010.02.24 23:58:45.176,9.7605,9.7656,1.60,1.00
2010.02.24 23:58:55.217,9.762,9.7652,1.60,1.00
2010.02.24 23:58:55.603,9.762,9.767,1.60,1.00
2010.02.24 23:58:57.642,9.76065,9.7668,1.00,1.00
2010.02.24 23:58:57.763,9.76065,9.76665,1.00,1.00
2010.02.24 23:58:58.113,9.7603,9.76665,1.60,1.00
2010.02.24 23:59:00.917,9.7602,9.76665,1.00,1.00
2010.02.24 23:59:05.393,9.7602,9.7639,1.00,1.60
2010.02.24 23:59:05.743,9.75975,9.7639,1.60,1.60
2010.02.24 23:59:14.296,9.75975,9.76305,1.60,1.60
2010.02.24 23:59:14.949,9.7595,9.7622,1.60,1.60
