2008.10.27 19:00:02.381,9.9816,9.9829,3.60,1.00
2008.10.27 19:00:02.561,9.9816,9.98975,3.60,3.60
2008.10.27 19:00:51.280,9.9831,9.98975,1.00,3.60
2008.10.27 19:00:51.400,9.9831,9.992,1.00,3.60
2008.10.27 19:00:52.489,9.9833,9.9921,3.00,3.60
2008.10.27 19:00:52.829,9.9833,9.99245,3.00,3.60
2008.10.27 19:00:53.229,9.9833,9.9925,3.00,3.60
2008.10.27 19:00:53.749,9.9833,9.99255,3.00,3.60
2008.10.27 19:00:58.668,9.9898,9.99255,3.00,3.60
2008.10.27 19:00:58.728,9.9898,9.9939,3.00,3.60
2008.10.27 19:00:58.898,9.99,9.9939,2.40,3.60
2008.10.27 19:00:59.128,9.99,9.9947,2.40,3.60
2008.10.27 19:01:02.457,9.99,9.99425,2.40,1.00
2008.10.27 19:01:02.637,9.99,9.993,2.40,3.60
2008.10.27 19:01:02.747,9.9854,9.993,2.40,3.60
2008.10.27 19:01:13.634,9.9861,9.993,1.00,3.60
2008.10.27 19:01:13.744,9.9863,9.9942,3.60,3.00
2008.10.27 19:01:13.804,9.9883,9.9942,3.00,3.00
2008.10.27 19:01:19.773,9.9883,9.9956,3.00,1.00
2008.10.27 19:01:39.598,9.9887,9.9956,3.60,1.00
2008.10.27 19:01:47.826,9.98865,9.9956,3.60,1.00
2008.10.27 19:01:48.226,9.9883,9.9942,3.00,3.00
2008.10.27 19:01:51.985,9.988,9.9942,2.40,3.00
2008.10.27 19:01:52.215,9.98515,9.9942,3.60,3.00
2008.10.27 19:01:59.113,9.98475,9.9942,3.60,3.00
2008.10.27 19:01:59.173,9.98475,9.9942,3.60,3.60
2008.10.27 19:02:31.655,9.9839,9.9917,2.40,6.60
2008.10.27 19:02:58.529,9.9839,9.9899,2.40,3.60
2008.10.27 19:03:06.527,9.9839,9.99135,2.40,3.60
2008.10.27 19:03:09.896,9.9839,9.9905,2.40,1.00
2008.10.27 19:03:10.006,9.9839,9.9898,2.40,3.60
2008.10.27 19:04:31.556,9.9839,9.9897,2.40,3.60
2008.10.27 19:05:40.960,9.9839,9.9896,2.40,3.60
2008.10.27 19:07:02.520,9.9839,9.9899,2.40,3.60
2008.10.27 19:10:42.117,9.9839,9.9897,2.40,3.60
2008.10.27 19:11:22.207,9.9839,9.9895,2.40,1.00
2008.10.27 19:15:40.435,9.9839,9.98955,2.40,3.60
2008.10.27 19:15:40.545,9.9749,9.9858,3.60,1.20
2008.10.27 19:15:41.925,9.9749,9.982,3.60,2.40
2008.10.27 19:15:46.464,9.9749,9.9805,3.60,1.00
2008.10.27 19:15:46.744,9.97175,9.9805,3.60,1.00
2008.10.27 19:16:06.139,9.97175,9.9816,3.60,1.00
2008.10.27 19:16:06.489,9.9717,9.97985,3.60,3.60
2008.10.27 19:16:06.779,9.9716,9.9797,3.60,3.60
2008.10.27 19:16:07.009,9.97155,9.9797,3.60,3.60
2008.10.27 19:16:07.239,9.97135,9.9795,3.60,3.60
2008.10.27 19:16:07.768,9.97135,9.97945,3.60,3.60
2008.10.27 19:16:26.184,9.97125,9.97935,3.60,3.60
2008.10.27 19:16:55.597,9.9731,9.98125,3.60,3.60
2008.10.27 19:21:30.400,9.97425,9.98125,1.00,3.60
2008.10.27 19:21:30.691,9.97425,9.98355,1.00,3.60
2008.10.27 19:25:13.907,9.9754,9.98355,3.60,3.60
2008.10.27 19:25:24.714,9.9748,9.98295,3.60,3.60
2008.10.27 19:25:39.130,9.9756,9.98375,3.60,3.60
2008.10.27 19:26:06.274,9.9763,9.98445,3.60,3.60
2008.10.27 19:26:06.674,9.97645,9.9846,3.60,3.60
2008.10.27 19:26:18.491,9.97575,9.9839,3.60,3.60
2008.10.27 19:26:57.712,9.9763,9.98445,3.60,3.60
2008.10.27 19:26:58.172,9.9765,9.9846,3.60,3.60
2008.10.27 19:27:06.240,9.97575,9.9839,3.60,3.60
2008.10.27 19:27:31.173,9.9773,9.98545,3.60,3.60
2008.10.27 19:28:07.715,9.9773,9.98525,3.60,1.00
2008.10.27 19:28:07.835,9.97585,9.984,3.60,3.60
2008.10.27 19:28:20.691,9.97675,9.984,1.00,3.60
2008.10.27 19:28:20.751,9.9783,9.98515,3.00,3.60
2008.10.27 19:29:02.641,9.9792,9.98515,1.00,3.60
2008.10.27 19:29:02.761,9.9792,9.9871,1.00,12.00
2008.10.27 19:29:50.010,9.9783,9.9871,3.00,12.00
2008.10.27 19:29:50.190,9.97895,9.98705,3.60,3.60
2008.10.27 19:30:32.120,9.97895,9.99395,3.60,3.60
2008.10.27 19:30:32.230,9.9883,9.99395,3.00,3.60
2008.10.27 19:30:34.719,9.988,9.99395,2.40,3.60
2008.10.27 19:30:34.899,9.97895,9.99395,3.60,3.60
2008.10.27 19:30:38.858,9.97895,9.9917,3.60,3.00
2008.10.27 19:30:46.717,9.9883,9.9932,3.00,1.20
2008.10.27 19:30:47.076,9.988,9.9932,2.40,1.20
2008.10.27 19:30:47.306,9.9855,9.9932,6.00,1.20
2008.10.27 19:30:47.366,9.97895,9.9932,3.60,1.20
2008.10.27 19:30:55.594,9.97895,9.9932,3.60,4.20
2008.10.27 19:31:04.092,9.97975,9.9932,3.60,4.20
2008.10.27 19:31:04.452,9.9833,9.9932,3.00,4.20
2008.10.27 19:31:51.271,9.9833,9.9912,3.00,3.60
2008.10.27 19:31:51.321,9.9805,9.9912,6.00,3.60
2008.10.27 19:31:51.551,9.9798,9.9912,3.60,3.60
2008.10.27 19:31:51.941,9.9798,9.9862,3.60,3.00
2008.10.27 19:31:52.041,9.97485,9.9862,3.60,3.00
2008.10.27 19:31:54.930,9.97515,9.9876,3.60,1.00
2008.10.27 19:32:00.199,9.9863,9.9876,3.00,1.00
2008.10.27 19:32:00.318,9.9863,9.9912,3.00,3.60
2008.10.27 19:32:02.858,9.9863,9.9932,3.00,3.00
2008.10.27 19:32:03.138,9.9863,9.9938,3.00,2.40
2008.10.27 19:32:03.428,9.9863,9.994,3.00,3.60
2008.10.27 19:32:05.067,9.98725,9.994,1.00,3.60
2008.10.27 19:32:05.228,9.98725,9.9946,1.00,1.00
2008.10.27 19:32:05.397,9.9883,9.9946,3.00,1.00
2008.10.27 19:32:07.347,9.9895,9.9946,1.00,1.00
2008.10.27 19:32:07.677,9.9933,9.9946,1.00,1.00
2008.10.27 19:32:07.847,9.9933,10.00135,1.00,3.60
2008.10.27 19:32:07.957,9.995,10.00135,2.40,3.60
2008.10.27 19:32:10.716,9.997,10.0017,1.00,3.00
2008.10.27 19:32:10.826,9.997,10.002,1.00,2.40
2008.10.27 19:32:11.046,9.997,10.0032,1.00,1.00
2008.10.27 19:32:19.254,9.9952,10.0025,2.40,1.00
2008.10.27 19:32:19.424,9.9895,10.0025,1.00,1.00
2008.10.27 19:32:19.594,9.9883,9.9982,3.00,3.00
2008.10.27 19:32:23.093,9.9883,9.99775,3.00,1.00
2008.10.27 19:32:23.263,9.9883,9.9962,3.00,3.00
2008.10.27 19:32:52.566,9.987,9.9912,3.60,3.00
2008.10.27 19:32:52.686,9.987,9.994,3.60,6.00
2008.10.27 19:32:52.856,9.987,9.99515,3.60,3.60
2008.10.27 19:32:54.595,9.98645,9.9946,3.60,3.60
2008.10.27 19:32:55.425,9.9861,9.99425,3.60,3.60
2008.10.27 19:32:57.735,9.98775,9.99585,3.60,3.60
2008.10.27 19:32:58.764,9.98965,9.9963,3.60,2.40
2008.10.27 19:33:00.414,9.9916,9.9963,3.60,2.40
2008.10.27 19:33:00.654,9.9919,9.9963,3.60,2.40
2008.10.27 19:33:08.682,9.9921,9.9963,3.60,2.40
2008.10.27 19:33:08.862,9.9875,10.00025,1.00,3.60
2008.10.27 19:33:09.672,9.9875,9.991,1.00,1.00
2008.10.27 19:33:20.269,9.98655,9.991,3.60,1.00
2008.10.27 19:33:21.499,9.98825,9.991,1.00,1.00
2008.10.27 19:33:21.849,9.9883,9.9992,3.00,3.00
2008.10.27 19:33:22.289,9.9883,9.9915,3.00,1.00
2008.10.27 19:33:30.177,9.9883,9.9992,3.00,3.00
2008.10.27 19:33:30.297,9.9883,9.9915,3.00,1.00
2008.10.27 19:33:31.217,9.9895,9.9915,1.00,1.00
2008.10.27 19:33:31.786,9.9895,9.9915,1.00,1.00
2008.10.27 19:33:33.206,9.9895,10.0009,1.00,3.60
2008.10.27 19:33:33.436,9.9895,9.9915,1.00,1.00
2008.10.27 19:33:37.335,9.9895,9.99925,1.00,3.60
2008.10.27 19:33:37.445,9.9895,9.9915,1.00,1.00
2008.10.27 19:33:41.494,9.9895,9.99925,1.00,3.60
2008.10.27 19:33:41.554,9.9895,9.9915,1.00,1.00
2008.10.27 19:33:48.603,9.9895,9.99925,1.00,3.60
2008.10.27 19:33:48.772,9.9895,9.9915,1.00,1.00
2008.10.27 19:33:51.902,9.9895,9.99925,1.00,3.60
2008.10.27 19:33:55.461,9.99155,9.9997,3.60,3.60
2008.10.27 19:34:15.816,9.9914,9.99955,3.60,3.60
2008.10.27 19:34:20.295,9.99175,9.99985,3.60,3.60
2008.10.27 19:34:27.823,9.99215,10.0003,3.60,3.60
2008.10.27 19:34:28.413,9.9915,9.99965,3.60,3.60
2008.10.27 19:35:39.296,9.991,9.99915,3.60,3.60
2008.10.27 19:53:12.142,9.9899,9.99805,3.60,3.60
2008.10.27 19:54:01.070,9.99085,9.99895,3.60,3.60
2008.10.27 19:55:07.524,9.99135,9.9995,3.60,3.60
2008.10.27 19:55:07.754,9.99095,9.9991,3.60,3.60
2008.10.27 19:55:08.164,9.9914,9.9995,3.60,3.60
2008.10.27 19:55:14.412,9.9925,10.00065,3.60,3.60
2008.10.27 19:55:39.546,9.9925,10.0011,3.60,2.40
2008.10.27 19:55:58.831,9.99565,10.0011,3.60,2.40
2008.10.27 19:56:06.250,9.9948,10.0011,3.60,2.40
2008.10.27 19:56:12.758,9.9955,10.0011,3.60,2.40
2008.10.27 19:59:11.765,9.99675,10.0011,1.00,2.40
2008.10.27 19:59:32.440,9.998,10.0011,1.00,2.40
2008.10.27 19:59:32.790,9.99925,10.0011,3.60,2.40
