2011.04.04 15:00:00.481,8.98277,8.98422,2.10,3.75
2011.04.04 15:00:00.921,8.98342,8.98467,2.10,1.54
2011.04.04 15:00:01.030,8.98342,8.98483,2.10,4.50
2011.04.04 15:00:01.249,8.98342,8.98483,2.10,3.75
2011.04.04 15:00:01.469,8.98298,8.98497,4.50,2.10
2011.04.04 15:00:03.419,8.98298,8.98489,3.75,1.35
2011.04.04 15:00:03.533,8.98298,8.98422,3.75,1.77
2011.04.04 15:00:03.650,8.98268,8.98422,1.20,1.77
2011.04.04 15:00:04.201,8.98302,8.98422,2.10,1.77
2011.04.04 15:00:05.094,8.98285,8.98428,1.35,1.33
2011.04.04 15:00:05.436,8.98267,8.98414,1.35,2.22
2011.04.04 15:00:05.551,8.98258,8.98414,2.70,2.22
2011.04.04 15:00:06.502,8.98273,8.98423,2.10,1.04
2011.04.04 15:00:08.302,8.98296,8.98472,1.32,1.65
2011.04.04 15:00:08.522,8.9834,8.98502,1.35,1.16
2011.04.04 15:00:08.849,8.98308,8.98422,4.35,1.35
2011.04.04 15:00:08.958,8.98327,8.98422,3.75,1.35
2011.04.04 15:00:09.072,8.98327,8.98481,3.75,3.04
2011.04.04 15:00:09.180,8.98275,8.98481,1.95,3.04
2011.04.04 15:00:13.020,8.98297,8.98452,2.10,2.10
2011.04.04 15:00:14.770,8.98328,8.98481,2.10,2.29
2011.04.04 15:00:15.100,8.98418,8.98525,2.10,1.50
2011.04.04 15:00:15.211,8.98398,8.98502,2.10,1.14
2011.04.04 15:00:15.320,8.98398,8.98543,2.10,1.35
2011.04.04 15:00:15.430,8.98398,8.98543,2.10,1.35
2011.04.04 15:00:15.761,8.9837,8.98552,1.35,1.54
2011.04.04 15:00:15.872,8.9837,8.98552,1.35,1.54
2011.04.04 15:00:16.610,8.98363,8.98552,2.10,1.54
2011.04.04 15:00:17.169,8.98363,8.98544,2.10,1.50
2011.04.04 15:00:17.499,8.98336,8.98483,1.17,2.10
2011.04.04 15:00:19.961,8.98397,8.98532,2.10,4.50
2011.04.04 15:00:20.180,8.98397,8.98532,2.10,3.75
2011.04.04 15:00:20.687,8.98397,8.98552,2.10,2.29
2011.04.04 15:00:22.990,8.98381,8.98532,1.35,2.10
2011.04.04 15:00:23.320,8.98397,8.98552,2.10,2.29
2011.04.04 15:00:25.821,8.98452,8.98552,1.50,2.29
2011.04.04 15:00:26.042,8.98517,8.98603,2.10,3.75
2011.04.04 15:00:26.160,8.98517,8.98651,2.10,1.50
2011.04.04 15:00:26.382,8.98528,8.98647,3.75,1.50
2011.04.04 15:00:26.502,8.98498,8.98647,1.32,1.50
2011.04.04 15:00:26.731,8.98498,8.98673,1.32,1.50
2011.04.04 15:00:28.750,8.98496,8.9868,1.35,1.69
2011.04.04 15:00:31.004,8.98482,8.98682,1.35,1.69
2011.04.04 15:00:31.339,8.98479,8.98666,2.10,1.69
2011.04.04 15:00:31.449,8.98447,8.98616,4.35,1.54
2011.04.04 15:00:31.560,8.98412,8.98616,1.35,1.54
2011.04.04 15:00:31.782,8.98495,8.98633,2.10,3.75
2011.04.04 15:00:31.890,8.98495,8.98654,2.10,3.04
2011.04.04 15:00:46.910,8.98505,8.98654,1.35,3.04
2011.04.04 15:00:47.020,8.98506,8.9868,1.35,1.24
2011.04.04 15:00:47.132,8.98506,8.98686,1.35,1.20
2011.04.04 15:00:49.493,8.98506,8.98686,1.35,1.20
2011.04.04 15:01:05.679,8.98498,8.98686,2.67,1.65
2011.04.04 15:01:05.791,8.98497,8.98653,2.10,2.29
2011.04.04 15:01:40.736,8.98501,8.98673,1.35,1.09
2011.04.04 15:01:40.853,8.98506,8.98678,1.17,1.05
2011.04.04 15:01:41.081,8.98506,8.98683,1.76,1.05
2011.04.04 15:01:41.192,8.98506,8.98697,1.76,2.40
2011.04.04 15:01:46.920,8.98521,8.98722,1.17,4.50
2011.04.04 15:01:47.030,8.98521,8.98728,1.17,1.35
2011.04.04 15:01:47.361,8.98512,8.98727,1.35,1.54
2011.04.04 15:01:47.690,8.98506,8.98727,1.35,1.54
2011.04.04 15:01:49.530,8.98506,8.98712,1.35,1.39
2011.04.04 15:01:50.459,8.98506,8.98712,1.35,1.69
2011.04.04 15:02:51.061,8.98511,8.98735,1.35,1.50
2011.04.04 15:03:13.056,8.98514,8.98735,1.35,1.50
2011.04.04 15:03:13.699,8.98515,8.98735,1.35,1.50
2011.04.04 15:03:37.250,8.98515,8.98734,1.35,1.50
2011.04.04 15:03:40.790,8.98509,8.98715,1.35,1.20
2011.04.04 15:03:41.229,8.98509,8.98715,2.10,1.20
2011.04.04 15:03:42.502,8.98509,8.98715,2.10,1.50
2011.04.04 15:03:54.553,8.98534,8.98722,1.35,4.50
2011.04.04 15:03:54.780,8.98534,8.98727,1.35,1.20
2011.04.04 15:03:56.581,8.98526,8.98727,1.35,1.05
2011.04.04 15:04:28.725,8.98526,8.98727,1.35,1.35
2011.04.04 15:04:49.658,8.98526,8.98687,1.35,1.50
2011.04.04 15:04:56.209,8.98526,8.98688,1.35,1.50
2011.04.04 15:04:56.902,8.98526,8.98689,1.35,1.50
2011.04.04 15:04:57.220,8.98526,8.98732,1.35,1.50
2011.04.04 15:05:20.683,8.98526,8.98732,1.35,1.50
2011.04.04 15:05:20.801,8.98526,8.98732,1.35,1.50
2011.04.04 15:05:22.521,8.98528,8.98732,1.35,1.50
2011.04.04 15:06:15.859,8.98527,8.98733,1.91,1.69
2011.04.04 15:06:15.971,8.98569,8.98733,1.35,1.09
2011.04.04 15:06:17.566,8.98569,8.98739,1.35,1.09
2011.04.04 15:06:18.562,8.98569,8.98739,1.35,1.09
2011.04.04 15:06:58.732,8.98553,8.98751,1.35,1.20
2011.04.04 15:07:00.576,8.9855,8.98751,1.35,1.35
2011.04.04 15:07:30.902,8.9855,8.98751,1.35,1.35
2011.04.04 15:07:31.155,8.98554,8.98751,1.35,1.20
2011.04.04 15:07:35.730,8.98554,8.98751,1.35,1.20
2011.04.04 15:07:35.841,8.98554,8.98751,1.35,1.20
2011.04.04 15:07:36.390,8.9855,8.98751,1.20,1.20
2011.04.04 15:07:36.607,8.9855,8.98753,1.20,1.80
2011.04.04 15:07:36.727,8.98549,8.98748,1.35,1.05
2011.04.04 15:07:37.627,8.98549,8.98743,1.35,1.50
2011.04.04 15:07:38.492,8.98549,8.98743,1.35,1.50
2011.04.04 15:07:39.262,8.98527,8.98707,1.20,2.10
2011.04.04 15:07:39.371,8.98523,8.98707,1.35,2.10
2011.04.04 15:07:40.261,8.98514,8.98698,2.10,1.65
2011.04.04 15:07:40.371,8.98509,8.98662,1.20,2.10
2011.04.04 15:07:40.701,8.98519,8.98662,1.50,2.10
2011.04.04 15:07:40.812,8.98574,8.98727,2.10,1.54
2011.04.04 15:07:41.031,8.98555,8.98706,1.35,2.10
2011.04.04 15:07:41.141,8.98545,8.98706,2.10,2.10
2011.04.04 15:07:54.692,8.98524,8.98708,1.35,1.09
2011.04.04 15:07:56.517,8.98524,8.98698,1.35,1.24
2011.04.04 15:07:56.931,8.98487,8.98596,1.16,1.50
2011.04.04 15:07:57.261,8.98444,8.98596,1.35,1.50
2011.04.04 15:07:57.480,8.98438,8.98596,1.16,1.50
2011.04.04 15:08:01.471,8.98457,8.98633,1.35,3.75
2011.04.04 15:08:01.583,8.98494,8.98633,1.32,3.75
2011.04.04 15:08:01.800,8.98489,8.98633,1.35,3.75
2011.04.04 15:08:01.913,8.98489,8.98633,1.35,3.75
2011.04.04 15:08:02.023,8.98489,8.98657,1.35,3.75
2011.04.04 15:08:02.132,8.98489,8.98702,1.35,4.69
2011.04.04 15:08:03.520,8.98489,8.98693,1.35,1.69
2011.04.04 15:08:04.191,8.98507,8.98702,1.20,3.94
2011.04.04 15:08:04.300,8.98513,8.98717,1.32,1.05
2011.04.04 15:08:04.411,8.98517,8.98723,1.16,1.65
2011.04.04 15:08:04.520,8.98513,8.98722,1.35,1.09
2011.04.04 15:08:04.632,8.98513,8.98722,1.35,1.09
2011.04.04 15:08:08.540,8.98498,8.98703,1.32,2.44
2011.04.04 15:08:08.651,8.98499,8.98703,1.32,2.25
2011.04.04 15:08:09.524,8.98499,8.98702,1.32,1.35
2011.04.04 15:08:10.516,8.98499,8.98702,1.32,1.35
2011.04.04 15:08:11.542,8.98499,8.98702,1.32,1.35
2011.04.04 15:08:28.331,8.98499,8.98702,1.32,1.20
2011.04.04 15:08:59.830,8.98494,8.98698,1.32,1.50
2011.04.04 15:09:08.658,8.98487,8.98698,1.35,1.50
2011.04.04 15:09:23.609,8.98488,8.98698,1.35,1.50
2011.04.04 15:09:39.791,8.98488,8.98693,1.35,1.50
2011.04.04 15:09:43.180,8.98488,8.98699,1.35,1.50
2011.04.04 15:09:45.462,8.98488,8.98692,1.50,1.20
2011.04.04 15:10:27.418,8.98487,8.98693,1.35,1.50
2011.04.04 15:10:34.972,8.98487,8.98693,1.35,1.95
2011.04.04 15:10:38.450,8.98489,8.98693,1.35,1.20
2011.04.04 15:10:39.555,8.98489,8.98693,1.35,1.50
2011.04.04 15:10:40.593,8.98489,8.98693,1.35,1.50
2011.04.04 15:10:41.647,8.98489,8.98693,1.35,1.50
2011.04.04 15:10:50.761,8.98488,8.98692,1.35,1.20
2011.04.04 15:10:51.210,8.9848,8.98697,1.35,1.05
2011.04.04 15:10:51.541,8.98491,8.98708,1.35,1.05
2011.04.04 15:10:51.761,8.98497,8.98708,1.35,1.05
2011.04.04 15:10:52.521,8.98497,8.98707,1.35,1.05
2011.04.04 15:11:31.134,8.98497,8.98703,1.35,1.09
2011.04.04 15:11:31.253,8.98497,8.98703,1.35,1.09
2011.04.04 15:12:09.860,8.98462,8.9868,1.05,1.69
2011.04.04 15:12:10.084,8.98462,8.98663,1.05,1.54
2011.04.04 15:12:10.312,8.98397,8.98642,1.35,5.44
2011.04.04 15:12:10.532,8.98388,8.98619,1.20,1.69
2011.04.04 15:12:10.642,8.98398,8.98619,3.75,1.69
2011.04.04 15:12:10.971,8.98388,8.98618,1.20,1.69
2011.04.04 15:12:11.992,8.98387,8.98616,1.20,1.69
2011.04.04 15:12:13.022,8.98397,8.98616,3.75,1.69
2011.04.04 15:12:45.873,8.98397,8.98619,3.75,1.69
2011.04.04 15:13:12.123,8.98397,8.98621,3.75,1.50
2011.04.04 15:13:45.891,8.98366,8.98622,1.35,1.50
2011.04.04 15:13:47.931,8.98407,8.98622,3.75,1.50
2011.04.04 15:13:57.825,8.98397,8.98624,3.75,1.50
2011.04.04 15:13:58.397,8.98397,8.9858,3.75,1.69
2011.04.04 15:14:51.724,8.98397,8.9858,4.32,1.50
2011.04.04 15:14:51.951,8.98437,8.98627,4.32,1.50
2011.04.04 15:15:09.052,8.98466,8.98627,1.50,1.50
2011.04.04 15:15:09.271,8.98505,8.98722,1.35,1.69
2011.04.04 15:15:12.458,8.985,8.98709,1.35,1.69
2011.04.04 15:15:13.064,8.98543,8.98709,1.50,1.69
2011.04.04 15:15:16.821,8.98551,8.98709,1.50,1.69
2011.04.04 15:15:22.163,8.98502,8.98681,1.50,1.54
2011.04.04 15:15:52.113,8.985,8.98671,1.50,1.69
2011.04.04 15:16:13.347,8.98495,8.98672,1.50,4.69
2011.04.04 15:16:13.675,8.98423,8.98672,2.10,4.69
2011.04.04 15:16:17.363,8.98421,8.98599,1.35,1.50
2011.04.04 15:16:17.726,8.98421,8.9858,1.35,1.50
2011.04.04 15:16:18.372,8.98421,8.98561,1.35,1.50
2011.04.04 15:16:19.238,8.98421,8.98562,1.35,1.50
2011.04.04 15:16:20.254,8.98421,8.98571,1.35,1.50
2011.04.04 15:16:22.202,8.98421,8.98575,1.35,1.50
2011.04.04 15:16:25.527,8.98421,8.98575,1.35,1.50
2011.04.04 15:16:28.633,8.98418,8.98585,4.35,1.50
2011.04.04 15:16:30.888,8.98418,8.98639,4.35,2.25
2011.04.04 15:16:47.272,8.98496,8.98683,1.16,3.75
2011.04.04 15:16:50.892,8.98496,8.98665,1.16,1.50
2011.04.04 15:16:51.113,8.98527,8.98652,1.35,4.50
2011.04.04 15:16:51.220,8.98447,8.98651,1.16,1.50
2011.04.04 15:16:51.442,8.98447,8.98649,1.16,1.50
2011.04.04 15:16:53.661,8.98414,8.98632,1.16,4.50
2011.04.04 15:16:53.885,8.98502,8.98702,1.16,4.50
2011.04.04 15:16:54.006,8.98502,8.98672,1.16,4.50
2011.04.04 15:16:54.124,8.98476,8.98672,1.35,4.69
2011.04.04 15:16:54.241,8.98457,8.98664,1.35,1.69
2011.04.04 15:16:54.351,8.98448,8.98664,1.16,1.69
2011.04.04 15:16:59.461,8.98457,8.98688,4.91,1.50
2011.04.04 15:16:59.792,8.98522,8.98703,1.16,3.75
2011.04.04 15:17:18.433,8.9858,8.98703,1.50,3.75
2011.04.04 15:17:19.056,8.98566,8.98703,2.07,4.50
2011.04.04 15:17:19.171,8.98513,8.98611,1.16,1.35
2011.04.04 15:17:19.283,8.98447,8.98583,5.10,1.69
2011.04.04 15:17:19.392,8.98422,8.98583,1.35,1.69
2011.04.04 15:17:19.503,8.98447,8.98593,1.16,5.55
2011.04.04 15:17:19.613,8.98437,8.98681,4.35,1.69
2011.04.04 15:17:19.722,8.98491,8.98681,1.50,1.50
2011.04.04 15:17:19.834,8.98512,8.98681,1.50,1.50
2011.04.04 15:17:19.952,8.98512,8.9869,1.50,1.69
2011.04.04 15:17:33.021,8.98512,8.98642,1.50,4.50
2011.04.04 15:17:33.133,8.98478,8.98642,1.50,4.50
2011.04.04 15:17:43.691,8.98559,8.98636,1.50,1.50
2011.04.04 15:17:43.803,8.98559,8.98684,1.50,1.50
2011.04.04 15:17:44.021,8.98559,8.98688,1.50,1.35
2011.04.04 15:17:50.401,8.98631,8.9871,1.50,1.69
2011.04.04 15:17:50.732,8.98631,8.98726,1.50,1.50
2011.04.04 15:17:50.843,8.98638,8.98751,1.50,1.50
2011.04.04 15:17:50.951,8.98638,8.98751,1.50,1.50
2011.04.04 15:17:57.552,8.98674,8.98765,2.10,1.69
2011.04.04 15:17:57.881,8.98716,8.98771,1.50,1.50
2011.04.04 15:17:57.993,8.98741,8.98826,1.50,1.50
2011.04.04 15:17:58.213,8.98715,8.98879,2.07,1.50
2011.04.04 15:17:58.321,8.9879,8.98879,1.50,1.50
2011.04.04 15:17:58.543,8.98652,8.98799,4.35,1.35
2011.04.04 15:17:58.654,8.98644,8.98799,1.50,1.35
2011.04.04 15:17:58.771,8.98625,8.98799,1.50,1.35
2011.04.04 15:17:59.337,8.98625,8.98792,1.50,1.50
2011.04.04 15:17:59.671,8.9864,8.98769,1.50,1.35
2011.04.04 15:18:00.057,8.9871,8.98834,1.50,1.50
2011.04.04 15:18:00.282,8.98666,8.98846,1.50,1.50
2011.04.04 15:18:00.502,8.98666,8.98847,1.50,1.50
2011.04.04 15:18:03.965,8.98683,8.98847,1.50,1.50
2011.04.04 15:18:05.692,8.98739,8.98847,1.50,1.50
2011.04.04 15:18:05.911,8.98699,8.98928,1.16,1.69
2011.04.04 15:18:06.023,8.98694,8.98928,2.10,1.69
2011.04.04 15:18:06.241,8.98694,8.98908,1.50,1.69
2011.04.04 15:18:06.353,8.98752,8.98942,1.50,4.69
2011.04.04 15:18:06.462,8.98752,8.98942,1.50,4.69
2011.04.04 15:18:06.572,8.98697,8.98914,1.50,1.69
2011.04.04 15:18:08.122,8.98697,8.98855,1.50,1.69
2011.04.04 15:18:08.343,8.98616,8.98822,1.31,1.50
2011.04.04 15:18:08.451,8.98616,8.98822,1.16,1.50
2011.04.04 15:18:08.782,8.98598,8.98811,1.31,1.54
2011.04.04 15:18:08.891,8.98598,8.98808,1.31,1.69
2011.04.04 15:18:11.322,8.98598,8.98808,1.31,1.69
2011.04.04 15:18:11.651,8.98598,8.98762,1.16,2.10
2011.04.04 15:18:11.761,8.98569,8.98762,1.16,2.10
2011.04.04 15:18:11.980,8.98569,8.98742,1.16,4.35
2011.04.04 15:18:15.402,8.98569,8.98742,1.16,3.75
2011.04.04 15:18:15.513,8.98591,8.98795,1.32,1.50
2011.04.04 15:18:15.623,8.98601,8.98807,1.16,1.65
2011.04.04 15:18:24.732,8.98636,8.98831,1.17,1.50
2011.04.04 15:18:24.841,8.98636,8.988,1.17,1.50
2011.04.04 15:18:25.062,8.98587,8.98751,1.35,1.35
2011.04.04 15:18:25.173,8.98676,8.98792,2.10,4.50
2011.04.04 15:18:25.282,8.98676,8.98792,2.10,3.75
2011.04.04 15:18:25.392,8.98676,8.98835,2.10,1.31
2011.04.04 15:18:30.201,8.98676,8.98833,2.10,1.69
2011.04.04 15:18:30.464,8.98538,8.98755,1.31,2.25
2011.04.04 15:18:30.585,8.98538,8.98755,1.31,2.25
2011.04.04 15:18:33.374,8.98581,8.98755,1.35,1.50
2011.04.04 15:18:33.713,8.98677,8.98792,1.50,3.75
2011.04.04 15:18:34.041,8.98677,8.98817,1.50,3.94
2011.04.04 15:18:34.812,8.98677,8.98858,2.07,2.25
2011.04.04 15:18:34.923,8.98677,8.98858,2.07,1.50
2011.04.04 15:18:35.601,8.98677,8.98857,2.07,1.50
2011.04.04 15:18:36.015,8.98677,8.98801,2.07,1.50
2011.04.04 15:18:36.671,8.98677,8.98864,2.07,1.50
2011.04.04 15:18:44.617,8.98677,8.98844,2.07,1.50
2011.04.04 15:18:45.130,8.98588,8.988,1.16,1.69
2011.04.04 15:18:49.663,8.98588,8.98788,1.16,1.05
2011.04.04 15:18:49.992,8.98571,8.9875,1.95,1.35
2011.04.04 15:19:11.433,8.98558,8.98657,1.16,2.10
2011.04.04 15:19:11.927,8.98518,8.98657,1.32,2.10
2011.04.04 15:19:12.051,8.98491,8.98657,1.17,2.10
2011.04.04 15:19:18.319,8.98441,8.98677,1.16,1.05
2011.04.04 15:19:18.542,8.98441,8.98663,1.16,4.50
2011.04.04 15:19:18.651,8.98441,8.98663,1.16,4.50
2011.04.04 15:19:20.805,8.98417,8.98615,4.47,1.50
2011.04.04 15:19:21.401,8.98474,8.98648,1.32,1.50
2011.04.04 15:19:21.731,8.98485,8.98656,1.32,1.50
2011.04.04 15:19:23.253,8.98477,8.98622,4.32,1.50
2011.04.04 15:19:27.755,8.98428,8.98663,1.17,1.50
2011.04.04 15:19:42.922,8.98515,8.98672,1.32,4.20
2011.04.04 15:19:43.471,8.98519,8.98753,1.32,1.09
2011.04.04 15:19:46.555,8.98539,8.98753,1.62,1.09
2011.04.04 15:19:47.553,8.98547,8.98753,1.02,1.09
2011.04.04 15:20:04.322,8.98562,8.98745,2.10,1.35
2011.04.04 15:20:13.875,8.98562,8.98731,2.70,1.35
2011.04.04 15:20:14.212,8.98538,8.98642,1.32,1.50
2011.04.04 15:20:14.553,8.98483,8.98642,1.35,1.50
2011.04.04 15:20:14.667,8.98465,8.98642,1.35,1.50
2011.04.04 15:20:25.943,8.98497,8.98721,4.32,1.50
2011.04.04 15:20:26.052,8.98543,8.98752,1.16,1.50
2011.04.04 15:20:29.702,8.98554,8.98783,1.16,5.25
2011.04.04 15:20:29.815,8.9856,8.98762,1.16,3.75
2011.04.04 15:20:29.933,8.9856,8.98742,1.16,3.75
2011.04.04 15:21:08.282,8.98538,8.98727,1.35,1.69
2011.04.04 15:21:08.502,8.98449,8.9868,1.35,1.69
2011.04.04 15:21:31.892,8.98449,8.98673,1.35,1.09
2011.04.04 15:21:32.003,8.98447,8.98659,1.16,1.69
2011.04.04 15:21:33.134,8.98447,8.98659,1.16,1.69
2011.04.04 15:21:33.585,8.98445,8.98649,1.16,1.50
2011.04.04 15:21:34.524,8.98438,8.98642,1.16,1.50
2011.04.04 15:21:36.906,8.9843,8.98634,1.16,1.50
2011.04.04 15:21:38.952,8.9842,8.98626,1.16,1.50
2011.04.04 15:21:39.322,8.98396,8.98592,1.35,1.69
2011.04.04 15:21:45.722,8.98387,8.98581,4.35,1.69
2011.04.04 15:21:45.941,8.98387,8.98566,3.75,1.69
2011.04.04 15:21:46.062,8.98348,8.98566,1.05,1.69
2011.04.04 15:21:49.464,8.98347,8.98563,1.05,1.09
2011.04.04 15:21:50.524,8.98353,8.98538,1.20,1.35
2011.04.04 15:21:51.392,8.98353,8.98538,1.20,1.35
2011.04.04 15:21:51.502,8.98336,8.98522,1.20,1.54
2011.04.04 15:21:51.721,8.98318,8.98515,1.50,1.54
2011.04.04 15:21:55.185,8.98315,8.98505,2.10,1.54
2011.04.04 15:21:55.305,8.98287,8.98509,1.61,1.54
2011.04.04 15:21:55.424,8.98287,8.98505,1.31,1.69
2011.04.04 15:21:55.641,8.98287,8.98498,1.31,1.69
2011.04.04 15:22:06.498,8.98294,8.98466,1.20,1.35
2011.04.04 15:22:06.834,8.98261,8.98389,1.35,2.10
2011.04.04 15:22:06.946,8.98253,8.98371,1.35,1.35
2011.04.04 15:22:07.173,8.9821,8.98371,1.20,1.35
2011.04.04 15:22:07.508,8.98224,8.98382,1.20,1.35
2011.04.04 15:22:08.171,8.98217,8.9838,1.20,1.35
2011.04.04 15:22:12.181,8.98227,8.98399,1.35,2.10
2011.04.04 15:22:12.293,8.98262,8.98432,2.10,4.54
2011.04.04 15:22:12.402,8.98238,8.98383,1.16,1.35
2011.04.04 15:22:12.623,8.98212,8.98387,2.10,1.35
2011.04.04 15:22:55.481,8.98212,8.9838,2.10,1.35
2011.04.04 15:23:02.847,8.98212,8.98388,2.10,1.35
2011.04.04 15:23:03.292,8.98212,8.9838,2.10,1.35
2011.04.04 15:23:05.912,8.98212,8.98383,2.10,1.35
2011.04.04 15:23:09.569,8.98212,8.9838,2.10,1.35
2011.04.04 15:23:12.472,8.98188,8.98397,1.02,1.05
2011.04.04 15:23:49.608,8.98188,8.98397,1.02,1.05
2011.04.04 15:23:51.524,8.98197,8.98403,1.02,1.09
2011.04.04 15:24:08.802,8.98187,8.98402,1.05,1.50
2011.04.04 15:24:09.022,8.98187,8.98402,1.05,1.50
2011.04.04 15:24:33.531,8.98188,8.98327,1.05,1.50
2011.04.04 15:24:43.394,8.98187,8.98327,1.05,1.50
2011.04.04 15:24:44.521,8.98197,8.98327,1.05,1.50
2011.04.04 15:24:45.863,8.98187,8.98327,1.05,1.50
2011.04.04 15:24:46.324,8.98187,8.98315,1.05,1.50
2011.04.04 15:24:47.539,8.98188,8.98315,1.05,1.50
2011.04.04 15:24:48.164,8.98188,8.98347,1.05,1.50
2011.04.04 15:24:48.382,8.98188,8.98393,1.05,1.65
2011.04.04 15:24:49.092,8.98188,8.98396,1.05,1.50
2011.04.04 15:24:50.535,8.98187,8.98396,1.05,1.65
2011.04.04 15:24:59.401,8.98263,8.98422,2.10,5.25
2011.04.04 15:24:59.623,8.98263,8.98433,2.10,1.35
2011.04.04 15:25:02.323,8.98248,8.98398,1.16,2.10
2011.04.04 15:25:02.653,8.98248,8.98403,1.20,1.35
2011.04.04 15:25:06.673,8.98273,8.9844,2.10,1.54
2011.04.04 15:25:06.783,8.98273,8.9844,2.10,1.35
2011.04.04 15:25:07.341,8.98273,8.98457,2.10,2.10
2011.04.04 15:25:07.562,8.98273,8.98414,2.10,1.50
2011.04.04 15:25:08.075,8.98273,8.98457,2.10,2.10
2011.04.04 15:25:14.482,8.98371,8.98488,2.10,1.69
2011.04.04 15:25:21.485,8.98347,8.98495,3.75,1.69
2011.04.04 15:25:21.718,8.98337,8.98499,3.75,1.69
2011.04.04 15:25:22.672,8.98412,8.98499,1.32,1.50
2011.04.04 15:25:22.783,8.98412,8.98633,1.32,1.50
2011.04.04 15:25:23.002,8.98387,8.98633,4.50,1.69
2011.04.04 15:25:23.493,8.98417,8.98596,1.32,1.50
2011.04.04 15:25:23.607,8.98417,8.98594,1.32,1.50
2011.04.04 15:25:23.726,8.98417,8.98592,1.32,1.50
2011.04.04 15:25:23.845,8.98417,8.9861,1.32,1.50
2011.04.04 15:25:29.833,8.98417,8.9861,1.32,1.50
2011.04.04 15:25:29.944,8.984,8.98618,1.35,1.69
2011.04.04 15:25:30.852,8.98439,8.98618,2.10,1.69
2011.04.04 15:25:31.074,8.98512,8.9863,1.32,1.50
2011.04.04 15:25:31.183,8.98468,8.98637,1.32,1.35
2011.04.04 15:25:31.295,8.98458,8.98633,4.05,4.69
2011.04.04 15:25:31.414,8.98423,8.98604,1.32,1.50
2011.04.04 15:25:31.526,8.984,8.98604,1.35,1.69
2011.04.04 15:25:31.643,8.98413,8.98623,1.35,4.69
2011.04.04 15:25:34.513,8.98413,8.98593,1.35,1.09
2011.04.04 15:25:35.574,8.98413,8.98593,1.35,1.39
2011.04.04 15:25:36.412,8.98427,8.98598,1.16,1.05
2011.04.04 15:25:36.523,8.98417,8.98598,1.16,1.05
2011.04.04 15:25:58.107,8.98463,8.98621,1.50,1.50
2011.04.04 15:25:58.223,8.98506,8.98646,1.35,1.69
2011.04.04 15:25:58.333,8.98517,8.98646,1.32,1.50
2011.04.04 15:25:58.443,8.98542,8.98684,1.35,1.50
2011.04.04 15:25:58.555,8.98547,8.98708,1.32,1.50
2011.04.04 15:25:58.672,8.98547,8.98738,1.32,1.50
2011.04.04 15:25:58.785,8.98542,8.98732,1.17,1.50
2011.04.04 15:25:58.903,8.98527,8.98682,1.17,3.75
2011.04.04 15:25:59.014,8.98523,8.98682,1.16,3.75
2011.04.04 15:25:59.122,8.98509,8.98707,1.16,1.35
2011.04.04 15:26:00.398,8.98509,8.98702,1.16,1.05
2011.04.04 15:26:00.773,8.98653,8.98739,1.50,1.69
2011.04.04 15:26:00.882,8.98682,8.98859,3.75,1.69
2011.04.04 15:26:00.997,8.98682,8.98884,3.75,1.69
2011.04.04 15:26:01.228,8.98713,8.98893,1.32,1.50
2011.04.04 15:26:01.336,8.98713,8.98917,1.32,1.50
2011.04.04 15:26:01.676,8.98687,8.98955,4.50,1.69
2011.04.04 15:26:04.432,8.98737,8.98935,3.75,1.69
2011.04.04 15:26:04.762,8.98757,8.98896,1.32,1.50
2011.04.04 15:26:04.983,8.98757,8.98928,1.32,1.50
2011.04.04 15:26:07.402,8.98738,8.98928,3.75,1.69
2011.04.04 15:26:07.513,8.98707,8.98928,4.65,1.69
2011.04.04 15:26:08.792,8.98707,8.9889,3.75,1.54
2011.04.04 15:26:08.903,8.98622,8.98872,1.35,3.94
2011.04.04 15:26:09.013,8.98622,8.98862,1.35,4.69
2011.04.04 15:26:10.762,8.98608,8.98803,4.50,1.69
2011.04.04 15:26:10.874,8.9858,8.98768,1.16,1.50
2011.04.04 15:26:11.093,8.98555,8.98742,1.35,4.69
2011.04.04 15:26:11.202,8.98507,8.98723,1.16,1.69
2011.04.04 15:26:11.312,8.98515,8.98703,1.16,3.75
2011.04.04 15:26:11.642,8.98497,8.98703,1.16,4.50
2011.04.04 15:26:31.164,8.98564,8.98702,1.32,3.75
2011.04.04 15:26:31.495,8.98564,8.98767,1.32,1.05
2011.04.04 15:26:38.553,8.98564,8.98686,1.47,2.10
2011.04.04 15:26:40.184,8.98653,8.98703,1.32,3.75
2011.04.04 15:26:40.292,8.98653,8.98832,1.32,1.13
2011.04.04 15:26:40.403,8.98653,8.98857,1.32,1.50
2011.04.04 15:26:40.872,8.98597,8.98728,3.57,1.50
2011.04.04 15:26:40.982,8.98597,8.98808,3.00,1.69
2011.04.04 15:26:41.094,8.98502,8.98762,1.35,3.94
2011.04.04 15:26:41.424,8.98513,8.98742,2.07,4.50
2011.04.04 15:26:44.634,8.98513,8.98716,2.07,1.50
2011.04.04 15:26:44.743,8.98485,8.98716,1.35,1.69
2011.04.04 15:26:44.854,8.98457,8.98684,1.16,1.69
2011.04.04 15:26:44.972,8.98465,8.98683,1.16,4.50
2011.04.04 15:26:45.301,8.98453,8.98683,1.16,5.25
2011.04.04 15:26:48.422,8.98466,8.98683,2.07,5.40
2011.04.04 15:26:48.533,8.98532,8.98722,1.16,3.75
2011.04.04 15:27:42.534,8.98514,8.98722,1.16,4.50
2011.04.04 15:27:42.642,8.98506,8.98722,1.16,4.50
2011.04.04 15:27:47.312,8.98506,8.98722,1.16,4.50
2011.04.04 15:27:47.642,8.98564,8.98742,1.16,3.75
2011.04.04 15:28:21.075,8.98572,8.98742,1.16,3.75
2011.04.04 15:28:21.196,8.98632,8.98803,1.16,3.75
2011.04.04 15:28:21.314,8.98632,8.98792,1.16,3.75
2011.04.04 15:28:29.642,8.98636,8.98853,1.16,4.50
2011.04.04 15:28:29.864,8.98697,8.98927,1.16,1.69
2011.04.04 15:28:30.083,8.98693,8.98922,1.16,4.69
2011.04.04 15:28:34.714,8.98698,8.98922,1.16,4.69
2011.04.04 15:28:39.494,8.98698,8.98932,1.16,4.69
2011.04.04 15:28:41.943,8.98708,8.98932,2.25,4.69
2011.04.04 15:28:42.345,8.98783,8.98984,4.32,1.50
2011.04.04 15:28:42.465,8.98767,8.98986,4.32,1.50
2011.04.04 15:28:49.544,8.98747,8.98986,4.50,1.69
2011.04.04 15:28:49.653,8.98747,8.98968,3.90,1.69
2011.04.04 15:28:49.763,8.98757,8.98968,4.32,1.50
2011.04.04 15:28:49.874,8.98757,8.98968,4.32,1.50
2011.04.04 15:28:50.533,8.98748,8.98968,3.75,1.69
2011.04.04 15:28:50.863,8.98758,8.98983,4.32,1.69
2011.04.04 15:28:50.973,8.98758,8.98983,4.32,1.69
2011.04.04 15:28:51.305,8.98758,8.98988,3.90,1.69
2011.04.04 15:28:51.984,8.98745,8.98973,1.35,1.09
2011.04.04 15:28:52.203,8.98745,8.98973,1.35,1.09
2011.04.04 15:28:56.532,8.98754,8.9896,1.16,1.05
2011.04.04 15:29:06.564,8.98758,8.98965,1.16,1.39
2011.04.04 15:29:07.584,8.98758,8.98965,1.16,1.39
2011.04.04 15:29:30.965,8.98758,8.98965,1.16,1.39
2011.04.04 15:29:31.505,8.98758,8.98966,1.16,1.39
2011.04.04 15:29:46.347,8.98758,8.98966,1.16,1.09
2011.04.04 15:29:46.683,8.98758,8.98967,1.16,1.54
2011.04.04 15:29:47.198,8.98758,8.98968,1.16,1.54
2011.04.04 15:30:01.033,8.98748,8.98969,1.05,1.20
2011.04.04 15:30:06.246,8.98749,8.98979,1.65,1.05
2011.04.04 15:30:07.530,8.98758,8.98979,1.05,1.05
2011.04.04 15:30:08.504,8.98768,8.98979,1.05,1.05
2011.04.04 15:30:35.922,8.98749,8.98979,1.65,1.05
2011.04.04 15:30:36.033,8.98748,8.98977,1.05,1.05
2011.04.04 15:30:36.251,8.98748,8.98977,1.05,1.05
2011.04.04 15:30:37.621,8.98748,8.98972,1.05,1.20
2011.04.04 15:30:38.514,8.98748,8.98972,1.05,1.50
2011.04.04 15:30:44.744,8.98768,8.98992,1.20,4.50
2011.04.04 15:30:44.853,8.98788,8.98998,1.16,1.05
2011.04.04 15:30:48.433,8.98847,8.98997,1.17,1.05
2011.04.04 15:30:48.653,8.98847,8.99017,1.17,1.35
2011.04.04 15:30:48.766,8.98857,8.99044,2.10,2.25
2011.04.04 15:30:49.104,8.98847,8.99019,1.17,2.10
2011.04.04 15:31:03.610,8.98823,8.99025,1.50,2.44
2011.04.04 15:31:03.834,8.98812,8.99018,1.35,1.54
2011.04.04 15:31:03.944,8.98801,8.99002,1.20,1.35
2011.04.04 15:31:04.053,8.98801,8.99002,1.20,1.35
2011.04.04 15:31:06.988,8.98833,8.99018,2.10,2.10
2011.04.04 15:31:08.244,8.9885,8.99018,1.35,2.10
2011.04.04 15:31:08.355,8.98878,8.99068,1.17,1.35
2011.04.04 15:31:08.471,8.98878,8.99068,1.17,1.35
2011.04.04 15:31:08.699,8.98878,8.99057,1.17,1.50
2011.04.04 15:31:08.814,8.98849,8.99018,1.20,2.10
2011.04.04 15:31:08.927,8.98832,8.99018,1.20,2.10
2011.04.04 15:31:11.123,8.98827,8.99025,1.31,2.10
2011.04.04 15:31:11.345,8.98802,8.99003,1.20,1.54
2011.04.04 15:31:12.993,8.98813,8.98998,2.10,2.10
2011.04.04 15:31:17.694,8.98847,8.99014,1.17,1.35
2011.04.04 15:31:19.369,8.98827,8.99002,1.32,2.10
2011.04.04 15:31:19.814,8.98792,8.98983,1.20,1.54
2011.04.04 15:31:20.033,8.98786,8.98983,1.20,1.54
2011.04.04 15:31:23.302,8.98783,8.98992,1.35,1.69
2011.04.04 15:31:23.852,8.98763,8.98989,1.35,1.69
2011.04.04 15:31:24.075,8.98763,8.98967,1.05,1.69
2011.04.04 15:31:26.545,8.98762,8.98964,1.05,1.09
2011.04.04 15:31:44.504,8.98788,8.98964,1.50,1.09
2011.04.04 15:31:44.837,8.98795,8.98964,1.50,1.09
2011.04.04 15:31:46.374,8.98774,8.98964,1.50,1.09
2011.04.04 15:31:49.687,8.9878,8.98964,1.50,1.09
2011.04.04 15:31:50.457,8.98783,8.98964,1.50,1.09
2011.04.04 15:31:51.118,8.98787,8.98964,1.50,1.09
2011.04.04 15:31:52.093,8.98782,8.98964,1.50,1.09
2011.04.04 15:31:55.804,8.98767,8.98964,1.65,1.09
2011.04.04 15:32:05.104,8.98763,8.98967,1.35,1.24
2011.04.04 15:32:05.214,8.98738,8.98923,1.35,1.54
2011.04.04 15:32:05.544,8.98718,8.98923,1.31,1.54
2011.04.04 15:32:08.549,8.98718,8.98918,1.31,1.05
2011.04.04 15:32:08.664,8.9873,8.98923,2.10,1.54
2011.04.04 15:32:08.773,8.98807,8.98943,2.10,4.69
2011.04.04 15:32:08.885,8.98807,8.98992,2.10,1.50
2011.04.04 15:33:09.274,8.98792,8.98997,1.05,1.05
2011.04.04 15:33:26.066,8.98797,8.99001,1.50,1.05
2011.04.04 15:33:26.402,8.98827,8.99013,2.10,2.25
2011.04.04 15:33:29.933,8.9881,8.98988,1.20,2.10
2011.04.04 15:33:51.695,8.98842,8.98988,1.50,2.10
2011.04.04 15:33:54.545,8.98841,8.98988,1.50,2.10
2011.04.04 15:33:59.298,8.98836,8.98988,1.50,2.10
2011.04.04 15:34:00.287,8.98809,8.98988,1.35,2.10
2011.04.04 15:34:30.179,8.98798,8.99004,1.50,1.20
2011.04.04 15:34:32.561,8.98798,8.99013,1.35,1.50
2011.04.04 15:34:41.443,8.98798,8.99004,1.35,1.20
2011.04.04 15:34:41.776,8.98797,8.99004,1.35,1.20
2011.04.04 15:34:42.374,8.98797,8.99004,1.35,1.20
2011.04.04 15:34:42.482,8.98797,8.99008,1.50,1.05
2011.04.04 15:34:42.902,8.98803,8.99008,1.35,1.05
2011.04.04 15:34:44.412,8.98799,8.99027,1.35,1.05
2011.04.04 15:34:44.743,8.98848,8.99018,1.35,2.10
2011.04.04 15:34:48.614,8.98847,8.99031,1.32,1.35
2011.04.04 15:34:49.033,8.98847,8.99024,1.32,1.35
2011.04.04 15:34:57.385,8.98845,8.99024,1.17,1.35
2011.04.04 15:35:04.763,8.98845,8.99024,1.17,1.50
2011.04.04 15:35:16.196,8.98807,8.99008,4.32,2.85
2011.04.04 15:35:16.426,8.98797,8.98988,1.35,1.54
2011.04.04 15:35:16.654,8.98792,8.98984,1.35,1.54
2011.04.04 15:35:17.516,8.98772,8.98987,1.05,1.54
2011.04.04 15:35:21.943,8.98772,8.98983,1.05,1.09
2011.04.04 15:35:23.524,8.98787,8.98991,1.35,1.54
2011.04.04 15:35:23.744,8.98797,8.9899,1.32,1.35
2011.04.04 15:35:27.059,8.98797,8.98998,1.47,1.65
2011.04.04 15:35:27.503,8.98801,8.99005,1.95,1.09
2011.04.04 15:35:27.833,8.98801,8.99003,1.35,1.09
2011.04.04 15:35:32.033,8.98816,8.99018,1.35,1.54
2011.04.04 15:35:40.088,8.98818,8.99022,1.35,1.54
2011.04.04 15:35:40.206,8.98827,8.99025,1.32,1.50
2011.04.04 15:35:57.319,8.98823,8.99025,1.47,1.50
2011.04.04 15:35:57.543,8.98823,8.99015,1.32,1.50
2011.04.04 15:35:57.983,8.98813,8.99017,1.32,1.50
2011.04.04 15:35:58.425,8.98822,8.99014,1.32,1.65
2011.04.04 15:36:25.603,8.98822,8.99007,1.32,1.05
2011.04.04 15:36:36.163,8.98817,8.99017,1.32,1.05
2011.04.04 15:36:37.524,8.98817,8.99007,1.32,1.05
2011.04.04 15:36:40.641,8.98803,8.99007,1.05,1.05
2011.04.04 15:36:45.663,8.98802,8.99008,1.35,1.05
2011.04.04 15:36:45.993,8.98792,8.99008,1.05,1.05
2011.04.04 15:36:58.354,8.98788,8.9899,4.50,1.50
2011.04.04 15:36:58.465,8.98788,8.98951,3.75,1.35
2011.04.04 15:36:58.573,8.98747,8.98951,1.35,1.54
2011.04.04 15:36:58.906,8.98797,8.98999,1.35,1.69
2011.04.04 15:36:59.025,8.98798,8.98999,1.32,1.50
2011.04.04 15:36:59.133,8.98798,8.98999,1.32,1.50
2011.04.04 15:36:59.535,8.98797,8.99013,1.35,1.09
2011.04.04 15:37:05.463,8.98797,8.99006,1.35,1.69
2011.04.04 15:37:05.574,8.988,8.98981,1.35,1.35
2011.04.04 15:37:05.685,8.98796,8.98981,1.35,1.35
2011.04.04 15:37:13.802,8.98774,8.98977,1.50,1.09
2011.04.04 15:37:13.913,8.98771,8.98977,1.35,1.84
2011.04.04 15:37:14.023,8.98767,8.98964,1.32,1.35
2011.04.04 15:37:14.370,8.98761,8.98964,1.32,1.35
2011.04.04 15:37:14.593,8.98761,8.98963,1.32,1.50
2011.04.04 15:37:14.924,8.9875,8.98835,1.16,1.50
2011.04.04 15:37:15.143,8.9875,8.98882,1.16,3.75
2011.04.04 15:37:15.254,8.98746,8.98873,1.16,3.75
2011.04.04 15:37:23.603,8.98736,8.98873,1.16,3.75
2011.04.04 15:37:39.453,8.98711,8.98852,1.35,3.75
2011.04.04 15:37:39.782,8.98618,8.98852,1.35,4.50
2011.04.04 15:37:42.693,8.98637,8.98852,1.16,4.69
2011.04.04 15:37:43.023,8.98618,8.98866,4.32,1.69
2011.04.04 15:37:46.015,8.98593,8.98825,4.35,1.69
2011.04.04 15:37:46.233,8.98553,8.98793,4.50,4.69
2011.04.04 15:37:54.289,8.98537,8.98783,3.90,1.09
2011.04.04 15:37:54.412,8.98494,8.98713,1.16,3.94
2011.04.04 15:38:45.594,8.98499,8.98723,1.35,3.94
2011.04.04 15:38:45.813,8.98498,8.98713,1.16,3.94
2011.04.04 15:38:45.923,8.98495,8.98713,1.35,3.75
2011.04.04 15:38:46.036,8.98495,8.98722,1.35,3.75
2011.04.04 15:38:46.262,8.98495,8.98722,1.35,3.75
2011.04.04 15:38:47.463,8.98538,8.98745,4.50,2.25
2011.04.04 15:38:47.573,8.98548,8.98745,1.35,1.50
2011.04.04 15:38:47.756,8.98548,8.98777,1.35,1.50
2011.04.04 15:38:53.183,8.98558,8.98777,1.35,1.50
2011.04.04 15:38:57.073,8.98558,8.98787,1.35,1.65
2011.04.04 15:39:25.732,8.98587,8.98788,1.47,1.05
2011.04.04 15:39:38.070,8.98598,8.98788,1.35,1.05
2011.04.04 15:39:38.403,8.98628,8.98833,1.35,1.54
2011.04.04 15:39:38.732,8.98616,8.98828,1.35,1.69
2011.04.04 15:39:40.487,8.98643,8.98833,1.32,1.35
2011.04.04 15:39:40.824,8.98643,8.98845,1.32,1.35
2011.04.04 15:39:42.413,8.98639,8.98845,1.16,1.50
2011.04.04 15:39:43.444,8.98633,8.98838,1.16,1.50
2011.04.04 15:39:55.702,8.98632,8.98838,1.32,1.50
2011.04.04 15:40:25.533,8.98631,8.98837,1.32,1.50
2011.04.04 15:40:27.344,8.98673,8.98852,1.16,4.65
2011.04.04 15:41:14.590,8.98673,8.98858,1.16,1.05
2011.04.04 15:41:19.848,8.98673,8.98858,1.16,1.05
2011.04.04 15:41:27.366,8.98648,8.98858,1.35,1.05
2011.04.04 15:41:35.431,8.98648,8.98806,1.35,1.50
2011.04.04 15:41:38.273,8.98648,8.9881,1.35,1.50
2011.04.04 15:41:44.543,8.98648,8.98811,1.35,1.50
2011.04.04 15:41:45.205,8.98648,8.98877,1.35,1.50
2011.04.04 15:42:22.404,8.98647,8.98715,1.35,1.35
2011.04.04 15:42:22.658,8.98523,8.98715,1.35,1.35
2011.04.04 15:42:22.777,8.98498,8.98716,1.35,1.54
2011.04.04 15:42:23.003,8.98487,8.98716,1.35,1.54
2011.04.04 15:42:24.264,8.98587,8.98732,1.17,1.50
2011.04.04 15:42:24.374,8.98587,8.98757,1.17,1.50
2011.04.04 15:42:24.487,8.98557,8.98797,4.50,2.44
2011.04.04 15:42:25.265,8.98582,8.98799,1.35,1.54
2011.04.04 15:42:44.635,8.98583,8.98799,1.16,1.35
2011.04.04 15:42:44.966,8.98681,8.98871,1.32,1.50
2011.04.04 15:42:46.026,8.98727,8.98871,1.17,1.50
2011.04.04 15:42:46.365,8.98687,8.98789,2.12,2.10
2011.04.04 15:42:46.486,8.98655,8.98789,1.16,2.10
2011.04.04 15:42:46.605,8.98611,8.98763,1.35,2.10
2011.04.04 15:42:46.715,8.98611,8.98763,1.35,2.10
2011.04.04 15:43:13.057,8.98611,8.98746,1.35,2.10
2011.04.04 15:43:13.563,8.98567,8.98722,1.16,4.35
2011.04.04 15:43:31.037,8.98567,8.98722,1.16,3.75
2011.04.04 15:43:31.263,8.98567,8.98773,1.16,4.09
2011.04.04 15:43:32.755,8.98598,8.98803,1.35,4.54
2011.04.04 15:43:33.124,8.98576,8.98782,1.16,1.54
2011.04.04 15:43:37.044,8.98576,8.98803,1.16,4.65
2011.04.04 15:43:37.154,8.98611,8.98815,1.16,1.35
2011.04.04 15:43:37.265,8.98611,8.98815,1.16,1.35
2011.04.04 15:43:37.595,8.98608,8.98836,1.16,1.54
2011.04.04 15:43:37.703,8.98608,8.98817,1.16,1.54
2011.04.04 15:43:40.954,8.98611,8.98817,1.16,1.35
2011.04.04 15:43:41.555,8.98598,8.98813,1.16,1.35
2011.04.04 15:43:47.105,8.98651,8.98823,1.16,4.50
2011.04.04 15:43:47.215,8.98625,8.98833,1.35,4.69
2011.04.04 15:43:48.914,8.98625,8.98703,1.35,4.50
2011.04.04 15:43:49.245,8.98384,8.98697,1.50,1.50
2011.04.04 15:43:49.462,8.98341,8.98629,1.35,1.50
2011.04.04 15:43:49.842,8.98454,8.98697,1.50,1.50
2011.04.04 15:43:50.513,8.98494,8.98672,1.50,1.05
2011.04.04 15:43:51.132,8.98361,8.98609,1.35,1.50
2011.04.04 15:43:51.486,8.98361,8.98609,1.35,2.10
2011.04.04 15:43:52.523,8.98381,8.98609,1.35,2.25
2011.04.04 15:43:53.513,8.98381,8.98609,1.35,2.25
2011.04.04 15:43:54.456,8.98381,8.98609,1.35,2.25
2011.04.04 15:43:56.554,8.98381,8.98445,1.35,1.50
2011.04.04 15:43:56.664,8.98348,8.98445,5.25,1.50
2011.04.04 15:43:56.773,8.98268,8.98445,1.95,1.50
2011.04.04 15:43:56.992,8.98248,8.98445,1.16,1.50
2011.04.04 15:43:58.536,8.98249,8.98463,1.20,4.54
2011.04.04 15:43:58.654,8.98264,8.98463,1.17,4.35
2011.04.04 15:43:59.204,8.98282,8.98492,1.16,4.35
2011.04.04 15:44:00.527,8.98282,8.98483,1.16,1.05
2011.04.04 15:44:01.525,8.98282,8.98477,1.16,1.35
2011.04.04 15:44:09.399,8.98282,8.98492,1.16,4.35
2011.04.04 15:44:09.513,8.98282,8.98492,1.16,4.35
2011.04.04 15:44:09.735,8.98314,8.98512,1.16,4.65
2011.04.04 15:44:09.954,8.98298,8.98504,1.16,1.69
2011.04.04 15:44:10.413,8.98298,8.98503,1.16,1.05
2011.04.04 15:44:11.537,8.98298,8.98502,1.16,1.05
2011.04.04 15:44:19.246,8.98277,8.98504,4.35,1.69
2011.04.04 15:44:19.465,8.98257,8.98451,3.75,1.54
2011.04.04 15:44:19.576,8.98237,8.98451,1.05,1.54
2011.04.04 15:44:20.545,8.98238,8.98451,1.05,1.54
2011.04.04 15:44:22.494,8.98237,8.98449,1.05,1.24
2011.04.04 15:44:31.119,8.98237,8.98451,1.05,1.09
2011.04.04 15:44:32.654,8.98222,8.98298,1.35,1.50
2011.04.04 15:44:32.765,8.98077,8.98252,2.61,3.94
2011.04.04 15:44:32.875,8.98077,8.98252,2.61,3.75
2011.04.04 15:44:32.985,8.97977,8.98273,5.06,3.94
2011.04.04 15:44:33.204,8.97988,8.98262,1.16,3.75
2011.04.04 15:44:33.313,8.97988,8.98262,1.16,3.94
2011.04.04 15:44:33.425,8.97988,8.98262,1.16,3.94
2011.04.04 15:44:33.864,8.98,8.98222,1.16,3.75
2011.04.04 15:44:36.556,8.9802,8.98222,1.16,4.20
2011.04.04 15:44:37.696,8.9802,8.98222,1.16,4.35
2011.04.04 15:44:38.525,8.9802,8.98222,1.16,4.50
2011.04.04 15:44:39.143,8.98039,8.98222,1.50,4.50
2011.04.04 15:44:39.255,8.98039,8.98232,1.50,3.75
2011.04.04 15:44:39.364,8.98091,8.98363,1.17,4.35
2011.04.04 15:44:47.955,8.98087,8.98343,4.32,3.75
2011.04.04 15:44:48.175,8.98087,8.98267,4.32,1.50
2011.04.04 15:44:48.394,8.98048,8.98271,4.32,1.50
2011.04.04 15:45:43.221,8.98059,8.98271,1.50,1.50
2011.04.04 15:45:48.782,8.98057,8.98271,1.50,1.50
2011.04.04 15:46:04.424,8.98027,8.98271,1.16,1.69
2011.04.04 15:46:04.534,8.98027,8.98258,1.16,1.69
2011.04.04 15:46:04.936,8.98024,8.98233,1.16,4.69
2011.04.04 15:46:07.053,8.98024,8.98193,1.16,2.10
2011.04.04 15:46:07.493,8.97958,8.98156,3.75,1.54
2011.04.04 15:46:10.903,8.97968,8.98169,1.50,1.69
2011.04.04 15:46:11.013,8.97968,8.98169,2.07,1.50
2011.04.04 15:46:11.343,8.97997,8.98232,1.16,1.69
2011.04.04 15:46:17.684,8.97978,8.98232,1.35,1.69
2011.04.04 15:46:29.833,8.97997,8.98232,1.16,5.44
2011.04.04 15:46:38.264,8.97983,8.98218,1.20,1.54
2011.04.04 15:46:38.484,8.97983,8.98218,1.20,1.54
2011.04.04 15:46:44.024,8.97983,8.98218,1.20,1.54
2011.04.04 15:46:44.384,8.97997,8.98218,1.16,1.54
2011.04.04 15:46:47.343,8.97983,8.98218,1.20,1.54
2011.04.04 15:46:48.833,8.97983,8.98218,1.20,1.54
2011.04.04 15:46:50.845,8.97918,8.98162,4.35,1.69
2011.04.04 15:46:50.954,8.97918,8.98162,4.35,1.69
2011.04.04 15:47:26.464,8.97908,8.98152,1.35,4.69
2011.04.04 15:47:51.852,8.97898,8.98151,4.35,1.50
2011.04.04 15:50:08.069,8.97896,8.9798,1.35,1.50
2011.04.04 15:50:08.295,8.97752,8.97903,1.50,3.75
2011.04.04 15:50:08.516,8.97609,8.97883,1.35,3.94
2011.04.04 15:50:08.626,8.97606,8.97675,1.16,1.50
2011.04.04 15:50:08.735,8.97605,8.97724,1.35,1.69
2011.04.04 15:50:08.845,8.9763,8.9779,1.35,2.29
2011.04.04 15:50:08.955,8.97587,8.97738,3.75,4.54
2011.04.04 15:50:09.286,8.97568,8.97777,1.16,4.35
2011.04.04 15:50:09.394,8.97568,8.97752,1.16,4.35
2011.04.04 15:50:17.106,8.97703,8.9777,1.35,4.05
2011.04.04 15:50:17.325,8.97703,8.97737,1.35,3.75
2011.04.04 15:50:17.435,8.97838,8.98097,3.75,1.69
2011.04.04 15:50:17.545,8.97838,8.98097,4.32,1.50
2011.04.04 15:50:29.503,8.97858,8.98031,3.75,1.69
2011.04.04 15:50:29.614,8.97784,8.98013,1.16,2.44
2011.04.04 15:50:30.294,8.97857,8.98015,3.75,1.69
2011.04.04 15:50:30.513,8.97857,8.98069,3.75,1.69
2011.04.04 15:50:45.394,8.97868,8.98069,1.32,1.50
2011.04.04 15:50:45.504,8.97927,8.98113,1.16,3.75
2011.04.04 15:50:45.614,8.97927,8.98156,1.16,1.69
2011.04.04 15:50:45.946,8.97938,8.98172,1.16,1.54
2011.04.04 15:50:49.054,8.97917,8.9813,3.75,1.69
2011.04.04 15:50:49.275,8.97928,8.98131,4.32,1.50
2011.04.04 15:50:52.645,8.97917,8.98131,3.75,1.69
2011.04.04 15:50:52.975,8.97858,8.98107,4.35,1.69
2011.04.04 15:50:53.084,8.97858,8.98067,3.75,1.69
2011.04.04 15:51:29.815,8.97868,8.98067,3.75,1.69
2011.04.04 15:51:39.257,8.97867,8.98067,3.75,1.69
2011.04.04 15:51:42.413,8.97868,8.98067,3.75,1.69
2011.04.04 15:51:44.904,8.97918,8.98067,1.50,1.69
2011.04.04 15:51:45.126,8.97968,8.98189,4.32,1.35
2011.04.04 15:51:45.236,8.97903,8.98143,1.35,3.94
2011.04.04 15:51:45.344,8.97895,8.98143,1.16,4.69
2011.04.04 15:51:47.288,8.97898,8.98123,1.32,4.69
2011.04.04 15:51:47.624,8.97967,8.98186,4.32,1.50
2011.04.04 15:52:47.738,8.97955,8.98185,1.35,1.50
2011.04.04 15:53:22.393,8.97931,8.98162,1.35,1.50
2011.04.04 15:53:22.504,8.97883,8.98122,1.35,3.75
2011.04.04 15:53:22.614,8.97883,8.98122,1.35,4.50
2011.04.04 15:54:41.183,8.97883,8.98113,1.35,3.75
2011.04.04 15:54:41.293,8.97869,8.98113,1.35,4.50
2011.04.04 15:54:50.105,8.97898,8.98125,3.75,1.50
2011.04.04 15:54:50.216,8.97898,8.9815,4.35,1.50
2011.04.04 15:54:52.045,8.97898,8.98128,3.75,1.50
2011.04.04 15:54:52.563,8.97873,8.98123,1.35,4.50
2011.04.04 15:57:13.536,8.97866,8.98112,1.35,4.50
2011.04.04 15:57:18.434,8.97866,8.98072,1.35,3.75
2011.04.04 15:57:18.765,8.97821,8.98012,1.35,4.69
2011.04.04 15:57:18.876,8.97779,8.98009,1.35,1.69
2011.04.04 15:57:32.897,8.97779,8.98009,1.35,2.44
2011.04.04 15:57:33.235,8.97755,8.97959,1.35,2.44
2011.04.04 15:58:36.246,8.97729,8.97958,1.35,1.50
2011.04.04 15:58:48.784,8.97729,8.97959,1.35,1.50
2011.04.04 15:59:09.535,8.97697,8.97917,1.35,1.50
2011.04.04 15:59:09.652,8.97713,8.97932,1.35,4.50
2011.04.04 15:59:09.877,8.97748,8.97944,1.32,1.50
2011.04.04 15:59:09.994,8.97748,8.97968,1.32,2.44
2011.04.04 15:59:49.606,8.97738,8.97968,1.35,2.44
