2014.02.13 21:00:04.637,8.83267,8.83773,1.88,0.38
2014.02.13 21:00:07.183,8.83278,8.83782,0.38,0.38
2014.02.13 21:00:07.414,8.83297,8.83816,0.38,0.75
2014.02.13 21:00:08.468,8.83297,8.83833,0.38,1.50
2014.02.13 21:00:08.673,8.83332,8.83753,0.75,0.75
2014.02.13 21:00:09.446,8.83318,8.83737,0.75,0.75
2014.02.13 21:00:14.474,8.83327,8.83737,0.38,0.75
2014.02.13 21:00:14.676,8.83338,8.8375,0.38,0.75
2014.02.13 21:00:15.086,8.8338,8.83685,0.75,0.75
2014.02.13 21:00:15.419,8.83414,8.83638,0.75,0.75
2014.02.13 21:00:16.312,8.83426,8.83652,0.75,0.75
2014.02.13 21:00:16.372,8.83455,8.83679,0.75,0.75
2014.02.13 21:00:17.940,8.83443,8.83667,0.75,0.75
2014.02.13 21:00:18.243,8.83478,8.83704,0.75,0.75
2014.02.13 21:00:19.227,8.83501,8.83727,0.75,0.75
2014.02.13 21:00:24.462,8.83513,8.83739,0.75,0.75
2014.02.13 21:00:24.776,8.83525,8.83749,0.75,0.75
2014.02.13 21:00:25.146,8.83539,8.83765,0.75,0.75
2014.02.13 21:00:26.102,8.83571,8.83797,0.75,0.75
2014.02.13 21:00:33.161,8.83583,8.83808,0.75,0.60
2014.02.13 21:00:36.075,8.83583,8.83809,0.75,0.75
2014.02.13 21:00:36.378,8.83607,8.83749,1.50,0.60
2014.02.13 21:00:36.530,8.83584,8.83732,0.75,0.75
2014.02.13 21:00:36.631,8.83491,8.83711,0.38,0.75
2014.02.13 21:00:36.682,8.83491,8.83694,0.38,0.75
2014.02.13 21:00:36.833,8.8347,8.83694,0.75,0.75
2014.02.13 21:00:36.934,8.83483,8.83707,0.75,0.75
2014.02.13 21:00:37.697,8.83469,8.83695,0.75,0.75
2014.02.13 21:00:37.798,8.83452,8.83676,0.75,0.75
2014.02.13 21:00:38.776,8.83438,8.83664,0.75,0.75
2014.02.13 21:00:40.827,8.83427,8.83651,0.75,0.75
2014.02.13 21:00:43.967,8.83415,8.83641,0.75,0.75
2014.02.13 21:00:45.147,8.83401,8.83627,0.75,0.75
2014.02.13 21:01:04.709,8.83389,8.83615,0.75,0.75
2014.02.13 21:01:05.740,8.83379,8.83603,0.75,0.75
2014.02.13 21:01:05.841,8.8339,8.83616,0.75,0.75
2014.02.13 21:01:19.780,8.83402,8.83628,0.75,0.75
2014.02.13 21:01:29.428,8.83416,8.8364,0.75,0.75
2014.02.13 21:01:29.482,8.83403,8.83629,0.75,0.75
2014.02.13 21:01:29.583,8.83416,8.8364,0.75,0.75
2014.02.13 21:01:30.138,8.83401,8.83627,0.75,0.75
2014.02.13 21:01:31.021,8.83428,8.83646,0.75,0.75
2014.02.13 21:01:31.071,8.83428,8.83654,0.75,0.75
2014.02.13 21:01:39.907,8.83416,8.83642,0.75,0.75
2014.02.13 21:01:51.177,8.83427,8.83642,0.75,0.75
2014.02.13 21:01:51.279,8.83447,8.83673,0.75,0.75
2014.02.13 21:02:11.258,8.83452,8.83676,0.75,0.75
2014.02.13 21:02:26.996,8.83451,8.83675,0.75,0.75
2014.02.13 21:02:30.317,8.83438,8.83664,0.75,0.75
2014.02.13 21:02:44.896,8.83426,8.83652,0.75,0.75
2014.02.13 21:03:03.481,8.8344,8.83664,0.75,0.75
2014.02.13 21:03:23.724,8.83434,8.83658,0.75,0.75
2014.02.13 21:03:28.428,8.83445,8.83671,0.75,0.75
2014.02.13 21:03:28.600,8.83429,8.83653,0.75,0.75
2014.02.13 21:03:29.040,8.8344,8.83664,0.75,0.75
2014.02.13 21:03:35.103,8.83429,8.83653,0.75,0.75
2014.02.13 21:03:55.794,8.83432,8.83656,0.75,0.75
2014.02.13 21:04:33.438,8.8342,8.83646,1.00,1.00
2014.02.13 21:04:53.781,8.83425,8.83649,1.00,1.00
2014.02.13 21:05:10.187,8.83398,8.83624,1.00,1.00
2014.02.13 21:05:10.288,8.83377,8.83603,1.00,1.00
2014.02.13 21:05:10.591,8.83366,8.8359,1.00,1.00
2014.02.13 21:05:10.844,8.83342,8.83568,1.00,1.00
2014.02.13 21:05:11.656,8.83332,8.83556,1.00,1.00
2014.02.13 21:05:11.959,8.83309,8.83533,1.00,1.00
2014.02.13 21:05:25.941,8.83296,8.83522,1.00,1.00
2014.02.13 21:05:32.983,8.83296,8.83521,1.00,1.00
2014.02.13 21:05:33.034,8.83277,8.83501,1.00,1.00
2014.02.13 21:05:48.381,8.83335,8.83521,1.00,1.00
2014.02.13 21:05:48.432,8.83335,8.83561,1.00,1.00
2014.02.13 21:05:48.483,8.83351,8.83577,1.00,1.00
2014.02.13 21:05:48.786,8.83375,8.83599,1.00,1.00
2014.02.13 21:06:01.366,8.83386,8.83612,1.00,1.00
2014.02.13 21:06:21.223,8.83388,8.83614,1.00,1.00
2014.02.13 21:06:41.443,8.83396,8.83622,1.00,1.00
2014.02.13 21:07:01.764,8.83399,8.83623,1.00,1.00
2014.02.13 21:07:42.101,8.83401,8.83625,1.00,1.00
2014.02.13 21:08:02.635,8.83398,8.83624,1.00,1.00
2014.02.13 21:08:23.721,8.834,8.83624,1.00,1.00
2014.02.13 21:09:04.740,8.834,8.83626,1.00,1.00
2014.02.13 21:09:25.243,8.83406,8.8363,1.00,1.00
2014.02.13 21:09:45.374,8.83399,8.83623,1.00,1.00
2014.02.13 21:10:05.716,8.83399,8.83625,1.00,1.00
2014.02.13 21:10:45.946,8.83398,8.83624,1.00,1.00
2014.02.13 21:10:58.782,8.83388,8.83612,1.00,1.00
2014.02.13 21:11:09.690,8.83399,8.83625,1.00,1.00
2014.02.13 21:11:49.800,8.83393,8.83619,1.00,1.00
2014.02.13 21:12:10.469,8.83397,8.83623,1.00,1.00
2014.02.13 21:12:30.622,8.83402,8.83626,1.00,1.00
2014.02.13 21:12:50.812,8.83398,8.83622,1.00,1.00
2014.02.13 21:13:13.342,8.83413,8.83637,1.00,1.00
2014.02.13 21:13:30.183,8.83425,8.83649,1.00,1.00
2014.02.13 21:13:50.428,8.83421,8.83647,1.00,1.00
2014.02.13 21:14:10.625,8.83423,8.83649,1.00,1.00
2014.02.13 21:14:18.845,8.83434,8.8366,1.00,1.00
2014.02.13 21:14:39.297,8.83427,8.83651,1.00,1.00
2014.02.13 21:14:46.234,8.83416,8.8364,1.00,1.00
2014.02.13 21:15:05.796,8.83427,8.83651,1.00,1.00
2014.02.13 21:15:11.185,8.83415,8.83639,1.00,1.00
2014.02.13 21:15:24.210,8.83425,8.83651,1.00,1.00
2014.02.13 21:15:24.408,8.83415,8.83639,1.00,1.00
2014.02.13 21:15:24.569,8.83426,8.83652,1.00,1.00
2014.02.13 21:15:26.588,8.83415,8.83641,1.00,1.00
2014.02.13 21:16:06.987,8.83418,8.83644,1.00,1.00
2014.02.13 21:16:27.712,8.83416,8.8364,1.00,1.00
2014.02.13 21:16:47.707,8.83416,8.83642,1.00,1.00
2014.02.13 21:16:50.244,8.83429,8.83655,1.00,1.00
2014.02.13 21:17:10.453,8.83421,8.83647,1.00,1.00
2014.02.13 21:17:20.343,8.83408,8.83634,1.00,1.00
2014.02.13 21:17:27.730,8.83421,8.83647,1.00,1.00
2014.02.13 21:17:47.902,8.83417,8.83643,1.00,1.00
2014.02.13 21:18:28.692,8.8342,8.83644,1.00,1.00
2014.02.13 21:18:49.670,8.83414,8.8364,1.00,1.00
2014.02.13 21:19:09.781,8.83415,8.83641,1.00,1.00
2014.02.13 21:19:28.198,8.83426,8.83652,1.00,1.00
2014.02.13 21:19:35.776,8.83415,8.83641,1.00,1.00
2014.02.13 21:19:56.729,8.83419,8.83643,1.00,1.00
2014.02.13 21:20:17.158,8.8342,8.83644,1.00,1.00
2014.02.13 21:20:37.721,8.83421,8.83647,1.00,1.00
2014.02.13 21:20:56.324,8.83401,8.83611,1.00,1.00
2014.02.13 21:20:56.375,8.83385,8.83611,1.00,1.00
2014.02.13 21:21:57.254,8.83295,8.83701,1.00,1.00
2014.02.13 21:23:00.181,8.83297,8.83701,1.50,1.00
2014.02.13 21:23:20.278,8.83296,8.837,1.00,1.00
2014.02.13 21:24:03.749,8.83387,8.83611,1.00,1.00
2014.02.13 21:24:24.172,8.8338,8.83604,1.00,1.00
2014.02.13 21:24:28.864,8.83359,8.83542,1.00,2.10
2014.02.13 21:24:28.914,8.83326,8.83542,1.00,2.10
2014.02.13 21:24:28.965,8.83312,8.83538,1.00,1.60
2014.02.13 21:24:29.066,8.83312,8.83538,1.00,1.00
2014.02.13 21:24:29.268,8.83328,8.83552,1.00,1.35
2014.02.13 21:24:29.571,8.83325,8.83549,1.00,1.60
2014.02.13 21:24:48.168,8.83337,8.83562,1.00,2.10
2014.02.13 21:24:49.479,8.83324,8.83548,1.00,1.60
2014.02.13 21:24:59.135,8.83339,8.83562,1.00,2.10
2014.02.13 21:24:59.962,8.83339,8.83562,1.00,2.10
2014.02.13 21:25:01.777,8.83324,8.8355,1.00,1.60
2014.02.13 21:25:11.173,8.83338,8.83562,1.00,2.10
2014.02.13 21:25:11.727,8.83326,8.83552,1.00,1.60
2014.02.13 21:25:21.161,8.83338,8.83562,1.00,2.85
2014.02.13 21:25:22.386,8.83324,8.8355,1.00,1.60
2014.02.13 21:25:30.875,8.83324,8.8355,1.00,1.60
2014.02.13 21:25:32.198,8.83338,8.83562,1.00,2.85
2014.02.13 21:25:32.633,8.83322,8.83548,1.00,1.60
2014.02.13 21:25:33.329,8.83322,8.83548,1.00,1.00
2014.02.13 21:25:33.431,8.83337,8.83563,1.00,1.00
2014.02.13 21:25:33.737,8.83376,8.836,1.00,1.00
2014.02.13 21:25:53.613,8.83379,8.83605,1.00,1.00
2014.02.13 21:26:04.050,8.83392,8.83616,1.00,1.00
2014.02.13 21:26:24.795,8.83388,8.83612,1.00,1.00
2014.02.13 21:27:25.672,8.83327,8.83702,1.13,1.00
2014.02.13 21:28:07.701,8.83389,8.83613,1.00,1.00
2014.02.13 21:29:08.740,8.83298,8.83704,1.38,1.00
2014.02.13 21:29:09.409,8.8339,8.83614,1.00,1.00
2014.02.13 21:29:29.749,8.83387,8.83613,1.00,1.00
2014.02.13 21:29:50.693,8.83388,8.83614,1.00,1.00
2014.02.13 21:30:00.212,8.83348,8.83654,1.00,1.00
2014.02.13 21:30:02.139,8.83358,8.83654,1.00,1.00
2014.02.13 21:30:02.485,8.83358,8.83636,1.00,1.00
2014.02.13 21:30:02.825,8.83358,8.8365,1.00,1.00
2014.02.13 21:30:04.529,8.83367,8.8365,1.00,1.00
2014.02.13 21:30:14.896,8.83347,8.8365,1.00,1.00
2014.02.13 21:30:14.947,8.83347,8.83642,1.00,1.00
2014.02.13 21:30:14.998,8.83318,8.83621,1.00,1.00
2014.02.13 21:30:15.207,8.83302,8.83608,1.00,1.00
2014.02.13 21:30:35.683,8.83308,8.83613,1.00,1.00
2014.02.13 21:30:56.133,8.83308,8.83614,1.00,1.00
2014.02.13 21:31:56.407,8.8322,8.83703,1.38,1.00
2014.02.13 21:31:57.763,8.83308,8.83613,1.00,1.00
2014.02.13 21:32:18.627,8.83309,8.83614,1.00,1.00
2014.02.13 21:32:59.687,8.83311,8.83614,1.00,1.00
2014.02.13 21:33:18.927,8.83311,8.83612,1.00,1.00
2014.02.13 21:33:18.978,8.83287,8.83592,1.00,1.00
2014.02.13 21:33:22.735,8.83305,8.83609,1.00,1.00
2014.02.13 21:33:24.743,8.83286,8.83591,1.00,1.00
2014.02.13 21:33:44.797,8.83293,8.83596,1.00,1.00
2014.02.13 21:34:05.701,8.83293,8.83597,1.00,1.00
2014.02.13 21:34:26.686,8.83292,8.83597,1.00,1.00
2014.02.13 21:35:07.547,8.83281,8.83587,1.00,1.00
2014.02.13 21:35:27.731,8.83289,8.83595,1.00,1.00
2014.02.13 21:36:09.461,8.83291,8.83597,1.00,1.00
2014.02.13 21:36:29.665,8.83292,8.83597,1.00,1.00
2014.02.13 21:36:50.731,8.83292,8.83596,1.00,1.00
2014.02.13 21:37:11.236,8.8329,8.83593,1.00,1.00
2014.02.13 21:37:31.421,8.83291,8.83594,1.00,1.00
2014.02.13 21:37:51.816,8.83292,8.83595,1.00,1.00
2014.02.13 21:38:01.752,8.8331,8.83613,1.00,1.00
2014.02.13 21:38:21.728,8.83302,8.83608,1.00,1.00
2014.02.13 21:38:42.662,8.83303,8.83606,1.00,1.00
2014.02.13 21:39:23.723,8.83303,8.83607,1.00,1.00
2014.02.13 21:40:25.079,8.83217,8.83698,1.38,1.00
2014.02.13 21:40:46.249,8.83212,8.83695,1.38,1.00
2014.02.13 21:40:47.643,8.83302,8.83605,1.00,1.00
2014.02.13 21:41:08.627,8.83303,8.83606,1.00,1.00
2014.02.13 21:42:08.776,8.83213,8.83696,1.38,1.00
2014.02.13 21:42:31.777,8.83302,8.83605,1.00,1.00
2014.02.13 21:42:51.682,8.83302,8.83607,1.00,1.00
2014.02.13 21:43:01.443,8.83302,8.83605,1.00,1.00
2014.02.13 21:43:01.494,8.8328,8.83585,1.00,1.00
2014.02.13 21:43:02.521,8.83295,8.83599,1.00,1.00
2014.02.13 21:43:17.035,8.83311,8.83617,1.00,1.00
2014.02.13 21:43:37.791,8.83309,8.83612,1.00,1.00
2014.02.13 21:43:51.091,8.83309,8.83607,1.00,1.00
2014.02.13 21:43:51.148,8.83302,8.83607,1.00,1.00
2014.02.13 21:43:51.622,8.8332,8.83625,1.00,1.00
2014.02.13 21:44:11.662,8.83328,8.83631,1.00,1.00
2014.02.13 21:44:31.838,8.83339,8.83643,1.00,1.00
2014.02.13 21:44:32.324,8.83323,8.83629,1.00,1.00
2014.02.13 21:44:52.652,8.83313,8.83617,1.00,1.00
2014.02.13 21:45:04.816,8.83298,8.83603,1.00,1.00
2014.02.13 21:45:05.169,8.83315,8.83619,1.00,1.00
2014.02.13 21:45:10.672,8.833,8.83605,1.00,1.00
2014.02.13 21:45:16.656,8.83315,8.83621,1.00,1.00
2014.02.13 21:45:36.767,8.83312,8.83616,1.00,1.00
2014.02.13 21:45:56.737,8.83312,8.83615,1.00,1.00
2014.02.13 21:46:17.822,8.83311,8.83615,1.00,1.00
2014.02.13 21:46:37.656,8.83311,8.83616,1.00,1.00
2014.02.13 21:46:58.751,8.83311,8.83615,1.00,1.00
2014.02.13 21:47:18.766,8.83318,8.83621,1.00,1.00
2014.02.13 21:47:39.731,8.83318,8.83623,1.00,1.00
2014.02.13 21:48:20.680,8.83325,8.83628,1.00,1.00
2014.02.13 21:48:40.717,8.83325,8.8363,1.00,1.00
2014.02.13 21:49:01.508,8.83306,8.83611,1.00,1.00
2014.02.13 21:49:02.559,8.83333,8.83637,1.00,1.00
2014.02.13 21:49:22.646,8.83332,8.83636,1.00,1.00
2014.02.13 21:49:42.810,8.83333,8.83636,1.00,1.00
2014.02.13 21:50:03.697,8.83332,8.83636,1.00,1.00
2014.02.13 21:50:24.771,8.83332,8.83637,1.00,1.00
2014.02.13 21:50:44.686,8.83331,8.83637,1.00,1.00
2014.02.13 21:51:05.791,8.83331,8.83636,1.00,1.00
2014.02.13 21:52:01.287,8.83312,8.83606,1.00,1.00
2014.02.13 21:52:01.338,8.83302,8.83606,1.00,1.00
2014.02.13 21:52:02.658,8.83324,8.8363,1.00,1.00
2014.02.13 21:52:22.710,8.83329,8.83632,1.00,1.00
2014.02.13 21:52:42.807,8.8333,8.83634,1.00,1.00
2014.02.13 21:53:01.369,8.8333,8.83617,1.00,1.00
2014.02.13 21:53:01.420,8.83292,8.83598,1.00,1.00
2014.02.13 21:53:02.405,8.83276,8.83579,1.00,1.00
2014.02.13 21:53:02.708,8.83324,8.83629,1.00,1.00
2014.02.13 21:53:03.694,8.83249,8.83723,1.43,1.00
2014.02.13 21:53:03.849,8.83249,8.83693,1.43,1.50
2014.02.13 21:53:04.101,8.8325,8.83722,1.43,1.00
2014.02.13 21:53:04.605,8.83249,8.83722,1.43,1.00
2014.02.13 21:53:05.278,8.83249,8.83723,1.43,1.00
2014.02.13 21:53:06.096,8.83249,8.83722,1.43,1.00
2014.02.13 21:53:06.970,8.83249,8.83723,1.43,1.00
2014.02.13 21:53:15.895,8.83249,8.83722,1.43,1.00
2014.02.13 21:53:17.393,8.83249,8.83723,1.43,1.00
2014.02.13 21:53:23.869,8.83249,8.83722,1.43,1.00
2014.02.13 21:53:26.205,8.83249,8.83723,1.43,1.00
2014.02.13 21:53:26.818,8.83249,8.83722,1.43,1.00
2014.02.13 21:53:28.557,8.83249,8.83723,1.43,1.00
2014.02.13 21:53:29.339,8.83249,8.83722,1.43,1.00
2014.02.13 21:53:33.487,8.83249,8.83723,1.43,1.00
2014.02.13 21:53:34.102,8.83249,8.83722,1.43,1.00
2014.02.13 21:53:35.232,8.83249,8.83723,1.43,1.00
2014.02.13 21:53:36.015,8.83249,8.83722,1.43,1.00
2014.02.13 21:53:36.650,8.83249,8.83723,1.43,1.00
2014.02.13 21:53:38.762,8.83249,8.83722,1.43,1.00
2014.02.13 21:53:39.359,8.83249,8.83723,1.43,1.00
2014.02.13 21:53:41.354,8.83249,8.83722,1.43,1.00
2014.02.13 21:53:43.031,8.83249,8.83723,1.43,1.00
2014.02.13 21:53:43.883,8.83249,8.83722,1.43,1.00
2014.02.13 21:53:48.343,8.83249,8.83723,1.43,1.00
2014.02.13 21:53:49.359,8.83249,8.83722,1.43,1.00
2014.02.13 21:53:50.230,8.83249,8.83723,1.43,1.00
2014.02.13 21:53:51.548,8.83249,8.83722,1.43,1.00
2014.02.13 21:54:00.343,8.83249,8.83723,1.43,1.00
2014.02.13 21:54:01.057,8.83249,8.83722,1.43,1.00
2014.02.13 21:54:01.960,8.83249,8.83723,1.43,1.00
2014.02.13 21:54:02.558,8.83249,8.83722,1.43,1.00
2014.02.13 21:54:03.578,8.83249,8.83723,1.43,1.00
2014.02.13 21:54:04.139,8.83249,8.83722,1.43,1.00
2014.02.13 21:54:06.567,8.83249,8.83723,1.43,1.00
2014.02.13 21:54:07.579,8.83249,8.83722,1.43,1.00
2014.02.13 21:54:10.921,8.83249,8.83723,1.43,1.00
2014.02.13 21:54:23.096,8.83249,8.83722,1.43,1.00
2014.02.13 21:54:24.418,8.83249,8.83723,1.43,1.00
2014.02.13 21:54:24.927,8.83249,8.83722,1.43,1.00
2014.02.13 21:54:30.064,8.83249,8.83723,1.43,1.00
2014.02.13 21:54:30.774,8.83249,8.83722,1.43,1.00
2014.02.13 21:54:31.691,8.83249,8.83723,1.43,1.00
2014.02.13 21:54:35.920,8.83249,8.83722,1.43,1.00
2014.02.13 21:54:42.165,8.83249,8.83723,1.43,1.00
2014.02.13 21:54:43.046,8.83249,8.83722,1.43,1.00
2014.02.13 21:54:43.683,8.83249,8.83723,1.43,1.00
2014.02.13 21:54:50.925,8.83249,8.83722,1.43,1.00
2014.02.13 21:54:51.941,8.83249,8.83723,1.43,1.00
2014.02.13 21:54:55.779,8.83249,8.83722,1.43,1.00
2014.02.13 21:54:58.004,8.83249,8.83723,1.43,1.00
2014.02.13 21:54:59.477,8.83249,8.83722,1.43,1.00
2014.02.13 21:55:00.207,8.83249,8.83723,1.43,1.00
2014.02.13 21:55:01.219,8.83078,8.83723,1.38,1.00
2014.02.13 21:55:01.473,8.83087,8.83723,1.50,1.00
2014.02.13 21:55:02.152,8.83087,8.83722,1.50,1.00
2014.02.13 21:55:02.469,8.83249,8.83722,1.43,1.00
2014.02.13 21:55:03.221,8.83249,8.83723,1.43,1.00
2014.02.13 21:55:03.848,8.83249,8.83722,1.43,1.00
2014.02.13 21:55:04.402,8.83249,8.83723,1.43,1.00
2014.02.13 21:55:04.995,8.83249,8.83722,1.43,1.00
2014.02.13 21:55:05.614,8.83249,8.83723,1.43,1.00
2014.02.13 21:55:06.895,8.83249,8.83722,1.43,1.00
2014.02.13 21:55:07.715,8.83249,8.83723,1.43,1.00
2014.02.13 21:55:09.303,8.83249,8.83722,1.43,1.00
2014.02.13 21:55:10.075,8.83249,8.83723,1.43,1.00
2014.02.13 21:55:11.460,8.83249,8.83722,1.43,1.00
2014.02.13 21:55:12.431,8.83249,8.83723,1.43,1.00
2014.02.13 21:55:13.057,8.83249,8.83722,1.43,1.00
2014.02.13 21:55:13.615,8.83249,8.83723,1.43,1.00
2014.02.13 21:55:14.178,8.83249,8.83722,1.43,1.00
2014.02.13 21:55:15.048,8.83249,8.83723,1.43,1.00
2014.02.13 21:55:19.400,8.83249,8.83722,1.43,1.00
2014.02.13 21:55:21.589,8.83249,8.83723,1.43,1.00
2014.02.13 21:55:23.911,8.83249,8.83722,1.43,1.00
2014.02.13 21:55:25.431,8.83249,8.83723,1.43,1.00
2014.02.13 21:55:27.445,8.83249,8.83722,1.43,1.00
2014.02.13 21:55:28.660,8.83249,8.83723,1.43,1.00
2014.02.13 21:55:32.530,8.83249,8.83722,1.43,1.00
2014.02.13 21:55:33.143,8.83249,8.83723,1.43,1.00
2014.02.13 21:55:33.954,8.83249,8.83722,1.43,1.00
2014.02.13 21:55:35.280,8.83249,8.83723,1.43,1.00
2014.02.13 21:55:39.184,8.83249,8.83722,1.43,1.00
2014.02.13 21:55:42.435,8.83249,8.83723,1.43,1.00
2014.02.13 21:55:43.455,8.83249,8.83722,1.43,1.00
2014.02.13 21:55:49.096,8.83249,8.83723,1.43,1.00
2014.02.13 21:55:49.618,8.83249,8.83722,1.43,1.00
2014.02.13 21:55:51.631,8.83249,8.83723,1.43,1.00
2014.02.13 21:55:56.211,8.83249,8.83722,1.43,1.00
2014.02.13 21:55:57.629,8.83249,8.83723,1.43,1.00
2014.02.13 21:55:58.948,8.83249,8.83722,1.43,1.00
2014.02.13 21:55:59.636,8.83249,8.83723,1.43,1.00
2014.02.13 21:56:00.970,8.83198,8.83723,1.00,1.00
2014.02.13 21:56:01.071,8.83107,8.83723,1.38,1.00
2014.02.13 21:56:01.273,8.83037,8.83723,1.50,1.00
2014.02.13 21:56:01.425,8.82998,8.83722,1.00,1.00
2014.02.13 21:56:01.475,8.83058,8.83722,1.50,1.00
2014.02.13 21:56:02.147,8.83058,8.83723,1.50,1.00
2014.02.13 21:56:02.471,8.83247,8.83722,1.43,1.00
2014.02.13 21:56:03.412,8.83247,8.83723,1.43,1.00
2014.02.13 21:56:04.186,8.83247,8.83722,1.43,1.00
2014.02.13 21:56:04.697,8.83247,8.83723,1.43,1.00
2014.02.13 21:56:05.223,8.83247,8.83722,1.43,1.00
2014.02.13 21:56:06.085,8.83247,8.83723,1.43,1.00
2014.02.13 21:56:11.648,8.83247,8.83722,1.43,1.00
2014.02.13 21:56:13.853,8.83247,8.83723,1.43,1.00
2014.02.13 21:56:14.555,8.83247,8.83722,1.43,1.00
2014.02.13 21:56:16.021,8.83247,8.83723,1.43,1.00
2014.02.13 21:56:20.230,8.83247,8.83722,1.43,1.00
2014.02.13 21:56:21.144,8.83247,8.83723,1.43,1.00
2014.02.13 21:56:22.318,8.83247,8.83722,1.43,1.00
2014.02.13 21:56:23.331,8.83247,8.83723,1.43,1.00
2014.02.13 21:56:25.548,8.83247,8.83722,1.43,1.00
2014.02.13 21:56:26.965,8.83247,8.83723,1.43,1.00
2014.02.13 21:56:30.900,8.83247,8.83722,1.43,1.00
2014.02.13 21:56:32.679,8.83247,8.83723,1.43,1.00
2014.02.13 21:56:43.420,8.83247,8.83722,1.43,1.00
2014.02.13 21:56:45.876,8.83247,8.83723,1.43,1.00
2014.02.13 21:56:51.330,8.83247,8.83722,1.43,1.00
2014.02.13 21:56:51.854,8.83247,8.83723,1.43,1.00
2014.02.13 21:56:52.468,8.83247,8.83722,1.43,1.00
2014.02.13 21:56:53.268,8.83247,8.83723,1.43,1.00
2014.02.13 21:56:54.182,8.83247,8.83722,1.43,1.00
2014.02.13 21:56:54.952,8.83247,8.83723,1.43,1.00
2014.02.13 21:56:55.659,8.83247,8.83722,1.43,1.00
2014.02.13 21:56:56.266,8.83247,8.83723,1.43,1.00
2014.02.13 21:56:58.283,8.83247,8.83722,1.43,1.00
2014.02.13 21:56:58.991,8.83247,8.83723,1.43,1.00
2014.02.13 21:56:59.699,8.83247,8.83722,1.43,1.00
2014.02.13 21:57:01.838,8.83247,8.83723,1.43,1.00
2014.02.13 21:57:05.517,8.83247,8.83722,1.43,1.00
2014.02.13 21:57:06.832,8.83247,8.83723,1.43,1.00
2014.02.13 21:57:08.048,8.83247,8.83722,1.43,1.00
2014.02.13 21:57:08.961,8.83247,8.83723,1.43,1.00
2014.02.13 21:57:09.776,8.83247,8.83722,1.43,1.00
2014.02.13 21:57:10.757,8.83247,8.83723,1.43,1.00
2014.02.13 21:57:11.512,8.83247,8.83722,1.43,1.00
2014.02.13 21:57:12.074,8.83247,8.83723,1.43,1.00
2014.02.13 21:57:16.720,8.83247,8.83722,1.43,1.00
2014.02.13 21:57:19.041,8.83247,8.83723,1.43,1.00
2014.02.13 21:57:19.947,8.83247,8.83722,1.43,1.00
2014.02.13 21:57:20.961,8.83247,8.83723,1.43,1.00
2014.02.13 21:57:23.601,8.83247,8.83722,1.43,1.00
2014.02.13 21:57:24.487,8.83247,8.83723,1.43,1.00
2014.02.13 21:57:26.090,8.83247,8.83722,1.43,1.00
2014.02.13 21:57:26.906,8.83247,8.83723,1.43,1.00
2014.02.13 21:57:28.141,8.83247,8.83722,1.43,1.00
2014.02.13 21:57:28.746,8.83247,8.83723,1.43,1.00
2014.02.13 21:57:29.478,8.83247,8.83722,1.43,1.00
2014.02.13 21:57:33.358,8.83247,8.83723,1.43,1.00
2014.02.13 21:57:40.475,8.83247,8.83722,1.43,1.00
2014.02.13 21:57:41.187,8.83247,8.83723,1.43,1.00
2014.02.13 21:57:41.698,8.83247,8.83722,1.43,1.00
2014.02.13 21:57:42.218,8.83247,8.83723,1.43,1.00
2014.02.13 21:57:44.456,8.83247,8.83722,1.43,1.00
2014.02.13 21:57:45.952,8.83247,8.83723,1.43,1.00
2014.02.13 21:57:47.195,8.83247,8.83722,1.43,1.00
2014.02.13 21:57:48.391,8.83247,8.83723,1.43,1.00
2014.02.13 21:57:49.099,8.83247,8.83722,1.43,1.00
2014.02.13 21:57:55.925,8.83247,8.83723,1.43,1.00
2014.02.13 21:57:56.441,8.83247,8.83722,1.43,1.00
2014.02.13 21:57:57.065,8.83247,8.83723,1.43,1.00
2014.02.13 21:57:57.614,8.83247,8.83722,1.43,1.00
2014.02.13 21:57:58.195,8.83247,8.83723,1.43,1.00
2014.02.13 21:57:58.917,8.83247,8.83722,1.43,1.00
2014.02.13 21:58:00.442,8.83088,8.83722,1.88,1.00
2014.02.13 21:58:00.745,8.83088,8.83723,1.50,1.00
2014.02.13 21:58:01.671,8.83168,8.83723,1.00,1.00
2014.02.13 21:58:01.974,8.83245,8.83723,1.43,1.00
2014.02.13 21:58:02.765,8.83245,8.83722,1.43,1.00
2014.02.13 21:58:03.279,8.83245,8.83723,1.43,1.00
2014.02.13 21:58:03.886,8.83245,8.83722,1.43,1.00
2014.02.13 21:58:04.619,8.83245,8.83723,1.43,1.00
2014.02.13 21:58:05.175,8.83245,8.83722,1.43,1.00
2014.02.13 21:58:06.113,8.83245,8.83723,1.43,1.00
2014.02.13 21:58:07.714,8.83245,8.83722,1.43,1.00
2014.02.13 21:58:10.154,8.83245,8.83723,1.43,1.00
2014.02.13 21:58:11.199,8.83245,8.83722,1.43,1.00
2014.02.13 21:58:12.448,8.83245,8.83723,1.43,1.00
2014.02.13 21:58:15.694,8.83245,8.83722,1.43,1.00
2014.02.13 21:58:16.226,8.83245,8.83723,1.43,1.00
2014.02.13 21:58:17.340,8.83244,8.83723,1.43,1.00
2014.02.13 21:58:18.085,8.83245,8.83723,1.43,1.00
2014.02.13 21:58:18.860,8.83244,8.83723,1.43,1.00
2014.02.13 21:58:21.732,8.83244,8.83722,1.43,1.00
2014.02.13 21:58:26.169,8.83244,8.83723,1.43,1.00
2014.02.13 21:58:44.644,8.83245,8.83723,1.43,1.00
2014.02.13 21:58:46.621,8.83244,8.83723,1.43,1.00
2014.02.13 21:58:59.128,8.83244,8.83722,1.43,1.00
2014.02.13 21:59:00.192,8.83245,8.83722,1.43,1.00
2014.02.13 21:59:01.032,8.83245,8.83723,1.43,1.00
2014.02.13 21:59:01.446,8.82914,8.83723,1.00,1.00
2014.02.13 21:59:01.497,8.82829,8.83723,1.00,1.00
2014.02.13 21:59:01.598,8.82757,8.8364,1.00,1.00
2014.02.13 21:59:01.649,8.82736,8.8364,1.00,1.00
2014.02.13 21:59:01.881,8.82804,8.8364,1.00,1.00
2014.02.13 21:59:02.192,8.83078,8.83722,1.00,1.00
2014.02.13 21:59:02.641,8.83087,8.83723,1.50,0.75
2014.02.13 21:59:03.114,8.83242,8.83722,1.43,0.75
2014.02.13 21:59:03.943,8.83242,8.83723,1.43,0.75
2014.02.13 21:59:04.314,8.83237,8.83723,1.50,0.75
2014.02.13 21:59:04.822,8.83237,8.83722,1.50,0.75
2014.02.13 21:59:05.042,8.83118,8.83723,0.75,0.75
2014.02.13 21:59:05.401,8.83088,8.83722,1.50,0.75
2014.02.13 21:59:05.503,8.83118,8.83722,0.75,0.75
2014.02.13 21:59:06.129,8.83118,8.83723,0.75,0.75
2014.02.13 21:59:06.909,8.83118,8.83722,0.75,0.75
2014.02.13 21:59:07.443,8.83118,8.83723,0.75,0.75
2014.02.13 21:59:15.397,8.83118,8.83722,0.75,0.75
2014.02.13 21:59:16.904,8.83118,8.83723,0.75,0.75
2014.02.13 21:59:17.443,8.83118,8.83722,0.75,0.75
2014.02.13 21:59:21.728,8.83118,8.83723,0.75,0.75
2014.02.13 21:59:40.629,8.83118,8.83722,0.75,0.75
2014.02.13 21:59:42.110,8.83118,8.83723,0.75,0.75
2014.02.13 21:59:47.328,8.83118,8.83722,0.75,0.75
2014.02.13 21:59:48.127,8.83118,8.83723,0.75,0.75
2014.02.13 21:59:50.266,8.83088,8.83722,1.50,0.75
2014.02.13 21:59:50.624,8.83078,8.83722,0.75,0.75
2014.02.13 21:59:51.315,8.83078,8.83723,0.75,0.75
2014.02.13 21:59:54.706,8.83078,8.83722,0.75,0.75
2014.02.13 21:59:56.365,8.83057,8.83722,1.50,0.75
2014.02.13 21:59:56.769,8.82882,8.83722,0.75,0.75
2014.02.13 21:59:56.819,8.82882,8.83581,0.75,0.75
2014.02.13 21:59:56.920,8.82588,8.83492,0.75,0.75
