2015.11.24 22:00:00.464,9.24976,9.25574,0.75,0.75
2015.11.24 22:00:00.519,9.24976,9.25554,0.75,0.75
2015.11.24 22:00:03.362,9.24976,9.25535,0.75,0.75
2015.11.24 22:00:17.166,9.24976,9.25614,0.75,0.75
2015.11.24 22:01:35.563,9.24975,9.25615,0.75,0.75
2015.11.24 22:01:37.805,9.25136,9.25876,0.75,0.75
2015.11.24 22:01:37.906,9.25136,9.26873,0.75,0.70
2015.11.24 22:01:38.493,9.25136,9.26965,0.75,0.75
2015.11.24 22:01:40.037,9.25222,9.26965,0.75,0.75
2015.11.24 22:01:40.088,9.25242,9.27144,0.75,0.75
2015.11.24 22:01:40.156,9.25242,9.27069,0.75,0.75
2015.11.24 22:01:56.608,9.25247,9.27069,0.75,0.75
2015.11.24 22:02:10.812,9.25235,9.27069,0.75,0.75
2015.11.24 22:02:10.913,9.25235,9.27122,0.75,0.75
2015.11.24 22:02:11.798,9.25259,9.27079,0.75,0.75
2015.11.24 22:02:23.346,9.25239,9.27108,0.75,0.75
2015.11.24 22:02:23.963,9.25238,9.27108,0.75,0.75
2015.11.24 22:02:24.341,9.25255,9.27108,0.75,0.75
2015.11.24 22:02:25.479,9.25235,9.27108,0.75,0.75
2015.11.24 22:02:25.537,9.2523,9.27091,0.75,0.75
2015.11.24 22:02:25.996,9.25242,9.27091,0.75,0.75
2015.11.24 22:02:26.535,9.25242,9.27115,0.75,0.75
2015.11.24 22:02:26.645,9.25244,9.27115,0.75,0.75
2015.11.24 22:02:27.555,9.25244,9.2709,0.75,0.75
2015.11.24 22:02:27.922,9.25247,9.2709,0.75,0.75
2015.11.24 22:02:36.636,9.25242,9.2709,0.75,0.75
2015.11.24 22:02:45.572,9.25235,9.27115,0.75,0.75
2015.11.24 22:02:46.551,9.25249,9.27095,0.75,0.75
2015.11.24 22:02:56.560,9.25245,9.27095,0.75,0.75
2015.11.24 22:03:16.589,9.25241,9.27095,0.75,0.75
2015.11.24 22:04:02.339,9.25242,9.2792,1.00,1.75
2015.11.24 22:04:11.620,9.25242,9.2792,1.00,1.75
2015.11.24 22:04:56.660,9.25243,9.27921,1.00,1.75
2015.11.24 22:05:16.688,9.25244,9.27922,1.00,1.75
2015.11.24 22:05:57.066,9.25245,9.27923,1.00,1.75
2015.11.24 22:06:10.149,9.25245,9.27923,1.00,1.75
2015.11.24 22:06:16.793,9.25243,9.27923,1.00,1.75
2015.11.24 22:06:44.034,9.25243,9.27125,1.00,0.75
2015.11.24 22:06:44.084,9.25231,9.27125,1.00,0.75
2015.11.24 22:06:45.833,9.25231,9.27082,1.00,0.75
2015.11.24 22:07:16.604,9.25229,9.27082,1.00,0.75
2015.11.24 22:07:36.661,9.25232,9.27082,1.00,0.75
2015.11.24 22:07:46.017,9.25232,9.2852,1.00,1.75
2015.11.24 22:07:56.588,9.25249,9.28537,1.00,1.75
2015.11.24 22:08:33.237,9.25249,9.28537,1.00,1.75
2015.11.24 22:08:36.596,9.25276,9.28557,1.00,1.75
2015.11.24 22:08:56.664,9.25286,9.28576,1.00,1.75
2015.11.24 22:09:16.546,9.25292,9.2858,1.00,1.75
2015.11.24 22:09:28.235,9.25292,9.2858,1.00,1.75
2015.11.24 22:09:36.570,9.25295,9.28583,1.00,1.75
2015.11.24 22:09:56.595,9.25296,9.28584,1.00,1.75
2015.11.24 22:10:00.499,9.25371,9.28509,1.00,1.75
2015.11.24 22:10:16.622,9.25351,9.28471,1.00,1.00
2015.11.24 22:10:16.672,9.25333,9.28471,1.00,1.00
2015.11.24 22:10:28.822,9.25333,9.27239,1.00,0.75
2015.11.24 22:10:28.873,9.25036,9.27239,1.00,1.00
2015.11.24 22:10:29.053,9.25036,9.26723,1.00,0.75
2015.11.24 22:10:55.627,9.25506,9.26424,0.75,1.00
2015.11.24 22:10:56.035,9.25476,9.26384,0.75,1.00
2015.11.24 22:10:56.177,9.25446,9.26364,1.00,1.00
2015.11.24 22:10:57.303,9.25476,9.26344,0.75,1.00
2015.11.24 22:10:58.267,9.25486,9.26344,0.75,1.00
2015.11.24 22:11:14.217,9.25486,9.26354,0.75,1.00
2015.11.24 22:11:53.926,9.25486,9.26364,0.75,1.00
2015.11.24 22:11:55.136,9.25506,9.26374,0.75,0.75
2015.11.24 22:11:56.309,9.25426,9.26294,1.00,0.75
2015.11.24 22:11:56.666,9.25456,9.26324,1.00,0.75
2015.11.24 22:11:57.336,9.25466,9.26334,1.00,0.75
2015.11.24 22:11:58.464,9.25476,9.26344,0.75,0.75
2015.11.24 22:11:59.677,9.25486,9.26354,0.75,0.75
2015.11.24 22:12:01.993,9.25476,9.26344,0.75,0.75
2015.11.24 22:12:14.616,9.24936,9.26492,1.75,1.00
2015.11.24 22:12:14.667,9.24936,9.25854,1.00,0.75
2015.11.24 22:12:14.997,9.24936,9.25764,1.00,1.00
2015.11.24 22:12:16.555,9.24936,9.25739,1.00,1.00
2015.11.24 22:12:16.917,9.24936,9.25714,1.00,1.00
2015.11.24 22:12:17.645,9.24936,9.25673,1.00,1.00
2015.11.24 22:12:17.969,9.24936,9.25584,1.00,1.00
2015.11.24 22:12:18.785,9.24936,9.25557,1.00,1.00
2015.11.24 22:12:19.145,9.24936,9.25534,1.00,1.00
2015.11.24 22:12:20.328,9.24936,9.25468,1.00,1.00
2015.11.24 22:12:59.936,9.24936,9.25314,1.00,1.00
2015.11.24 22:14:15.786,9.24916,9.25314,1.00,1.00
2015.11.24 22:15:04.571,9.24906,9.25314,1.00,1.00
2015.11.24 22:15:05.288,9.24816,9.25264,1.00,1.00
2015.11.24 22:15:05.804,9.24815,9.25264,1.00,1.00
2015.11.24 22:15:06.305,9.24816,9.25264,1.00,1.00
2015.11.24 22:15:08.941,9.24766,9.25174,1.50,1.00
2015.11.24 22:15:09.319,9.24825,9.25235,1.00,1.00
2015.11.24 22:15:15.821,9.24826,9.25304,1.00,1.00
2015.11.24 22:16:35.871,9.24906,9.25304,1.00,1.00
2015.11.24 22:17:55.839,9.24905,9.25305,1.00,1.00
2015.11.24 22:18:36.237,9.24906,9.25304,1.00,1.00
2015.11.24 22:19:28.011,9.24926,9.25304,1.00,1.00
2015.11.24 22:22:42.164,9.24926,9.25305,1.00,1.00
2015.11.24 22:23:22.287,9.24926,9.25304,1.00,1.00
2015.11.24 22:28:16.323,9.24906,9.25304,1.00,1.00
2015.11.24 22:31:44.137,9.24905,9.25305,1.00,1.00
2015.11.24 22:32:24.176,9.24906,9.25304,1.00,1.00
2015.11.24 22:36:49.012,9.24876,9.25304,1.00,1.00
2015.11.24 22:36:51.902,9.24896,9.25304,1.00,1.00
2015.11.24 22:36:54.224,9.24916,9.25304,1.00,1.00
2015.11.24 22:37:03.921,9.24926,9.25304,1.00,1.00
2015.11.24 22:44:55.714,9.24906,9.25304,1.00,1.00
2015.11.24 22:47:40.112,9.24905,9.25305,1.00,1.00
2015.11.24 22:48:12.853,9.24926,9.25305,1.00,1.00
2015.11.24 22:48:40.720,9.24926,9.25514,1.00,1.00
2015.11.24 22:48:44.102,9.24926,9.25464,1.00,1.00
2015.11.24 22:48:52.792,9.24926,9.25465,1.00,1.00
2015.11.24 22:48:53.372,9.24926,9.25304,1.00,1.00
2015.11.24 22:49:12.620,9.24906,9.25304,1.00,1.00
2015.11.24 22:49:12.671,9.24796,9.25304,1.00,1.00
2015.11.24 22:49:12.722,9.24796,9.25262,1.00,1.00
2015.11.24 22:49:12.823,9.24796,9.25303,1.00,1.00
2015.11.24 22:49:13.076,9.24811,9.25304,1.00,1.00
2015.11.24 22:49:13.949,9.24836,9.25304,1.00,1.00
2015.11.24 22:49:14.900,9.24866,9.25304,1.00,1.00
2015.11.24 22:49:15.588,9.24796,9.25304,1.00,1.00
2015.11.24 22:49:15.639,9.24796,9.25247,1.00,1.00
2015.11.24 22:49:15.741,9.24796,9.25304,1.00,1.00
2015.11.24 22:49:16.092,9.24811,9.25304,1.00,1.00
2015.11.24 22:49:16.646,9.24836,9.25304,1.00,1.00
2015.11.24 22:49:17.651,9.24796,9.25227,1.00,1.00
2015.11.24 22:49:22.118,9.24796,9.25144,1.00,1.00
2015.11.24 22:49:22.169,9.24766,9.25144,1.00,1.00
2015.11.24 22:49:23.323,9.24766,9.25134,1.00,1.00
2015.11.24 22:49:23.626,9.24806,9.25134,1.00,1.00
2015.11.24 22:49:24.556,9.24836,9.25134,1.00,1.00
2015.11.24 22:49:25.354,9.24866,9.25134,1.00,1.00
2015.11.24 22:49:28.196,9.24886,9.25304,1.00,1.00
2015.11.24 22:49:29.204,9.24946,9.25304,1.00,1.00
2015.11.24 22:49:30.077,9.24986,9.25304,1.00,1.00
2015.11.24 22:49:30.596,9.24896,9.25304,1.00,1.00
2015.11.24 22:49:30.748,9.24896,9.25298,1.00,1.00
2015.11.24 22:49:30.951,9.24886,9.25304,1.00,1.00
2015.11.24 22:49:31.905,9.24946,9.25304,1.00,1.00
2015.11.24 22:49:33.024,9.24985,9.25304,1.00,1.00
2015.11.24 22:49:33.889,9.25005,9.25304,1.00,1.00
2015.11.24 22:49:34.091,9.24886,9.25305,1.00,1.00
2015.11.24 22:49:34.294,9.24886,9.2528,1.00,1.00
2015.11.24 22:49:34.612,9.24886,9.25301,1.00,1.00
2015.11.24 22:49:34.665,9.24886,9.25304,1.00,1.00
2015.11.24 22:49:35.394,9.24946,9.25304,1.00,1.00
2015.11.24 22:49:36.400,9.24986,9.25304,1.00,1.00
2015.11.24 22:49:36.603,9.24936,9.25304,1.00,1.00
2015.11.24 22:49:38.408,9.24916,9.25194,1.00,1.00
2015.11.24 22:49:59.212,9.24915,9.25194,1.00,1.00
2015.11.24 22:50:16.003,9.24916,9.25194,1.00,1.00
2015.11.24 22:50:58.360,9.24916,9.25154,1.00,1.00
2015.11.24 22:51:26.137,9.24925,9.25154,1.00,1.00
2015.11.24 22:51:27.383,9.24926,9.25154,1.00,1.00
2015.11.24 22:56:57.512,9.24925,9.25154,1.00,1.00
2015.11.24 22:56:58.314,9.24926,9.25154,1.00,1.00
2015.11.24 22:56:59.685,9.24925,9.25154,1.00,1.00
2015.11.24 22:57:00.321,9.24926,9.25154,1.00,1.00
2015.11.24 22:57:02.877,9.24925,9.25154,1.00,1.00
2015.11.24 22:57:03.530,9.24926,9.25154,1.00,1.00
2015.11.24 22:57:04.032,9.24925,9.25154,1.00,1.00
2015.11.24 22:57:04.956,9.24926,9.25154,1.00,1.00
2015.11.24 22:57:05.556,9.24925,9.25154,1.00,1.00
2015.11.24 22:57:06.237,9.24926,9.25154,1.00,1.00
2015.11.24 22:57:13.257,9.24925,9.25154,1.00,1.00
2015.11.24 22:57:13.775,9.24926,9.25154,1.00,1.00
2015.11.24 22:57:15.771,9.24925,9.25154,1.00,1.00
2015.11.24 22:57:16.468,9.24926,9.25154,1.00,1.00
2015.11.24 22:57:17.429,9.24925,9.25154,1.00,1.00
2015.11.24 22:57:17.975,9.24926,9.25154,1.00,1.00
2015.11.24 22:57:19.246,9.24925,9.25154,1.00,1.00
2015.11.24 22:57:19.990,9.24926,9.25154,1.00,1.00
2015.11.24 22:57:23.304,9.24925,9.25154,1.00,1.00
2015.11.24 22:57:23.806,9.24926,9.25154,1.00,1.00
2015.11.24 22:57:35.745,9.24925,9.25154,1.00,1.00
2015.11.24 22:57:36.847,9.24926,9.25154,1.00,1.00
2015.11.24 22:57:38.053,9.24925,9.25154,1.00,1.00
2015.11.24 22:57:38.576,9.24926,9.25155,1.00,1.00
2015.11.24 22:57:41.964,9.24925,9.25155,1.00,1.00
2015.11.24 22:57:42.467,9.24926,9.25155,1.00,1.00
2015.11.24 22:57:43.601,9.24925,9.25155,1.00,1.00
2015.11.24 22:57:44.275,9.24926,9.25155,1.00,1.00
2015.11.24 22:57:45.398,9.24925,9.25155,1.00,1.00
2015.11.24 22:57:50.394,9.24926,9.25155,1.00,1.00
2015.11.24 22:57:51.498,9.24925,9.25155,1.00,1.00
2015.11.24 22:57:52.301,9.24926,9.25155,1.00,1.00
2015.11.24 22:57:55.510,9.24925,9.25155,1.00,1.00
2015.11.24 22:57:56.012,9.24926,9.25155,1.00,1.00
2015.11.24 22:57:57.516,9.24925,9.25155,1.00,1.00
2015.11.24 22:57:58.018,9.24926,9.25155,1.00,1.00
2015.11.24 22:57:59.528,9.24925,9.25155,1.00,1.00
2015.11.24 22:58:00.048,9.24926,9.25155,1.00,1.00
2015.11.24 22:58:02.030,9.24925,9.25155,1.00,1.00
2015.11.24 22:58:02.732,9.24926,9.25155,1.00,1.00
2015.11.24 22:58:02.833,9.24925,9.25184,1.00,1.00
2015.11.24 22:58:03.373,9.24926,9.25184,1.00,1.00
2015.11.24 22:58:06.244,9.24925,9.25184,1.00,1.00
2015.11.24 22:58:06.746,9.24926,9.25184,1.00,1.00
2015.11.24 22:58:06.846,9.24946,9.25184,1.00,1.00
2015.11.24 22:58:21.298,9.24945,9.25184,1.00,1.00
2015.11.24 22:58:21.854,9.24946,9.25184,1.00,1.00
2015.11.24 22:58:32.531,9.24945,9.25184,1.00,1.00
2015.11.24 22:58:33.033,9.24946,9.25184,1.00,1.00
2015.11.24 22:58:35.543,9.24945,9.25184,1.00,1.00
2015.11.24 22:58:36.070,9.24946,9.25184,1.00,1.00
2015.11.24 22:58:36.603,9.24945,9.25184,1.00,1.00
2015.11.24 22:58:37.550,9.24946,9.25184,1.00,1.00
2015.11.24 22:58:39.054,9.24945,9.25184,1.00,1.00
2015.11.24 22:58:39.556,9.24946,9.25184,1.00,1.00
2015.11.24 22:58:44.077,9.24945,9.25184,1.00,1.00
2015.11.24 22:58:44.632,9.24946,9.25184,1.00,1.00
2015.11.24 22:58:47.281,9.24945,9.25184,1.00,1.00
2015.11.24 22:58:47.984,9.24946,9.25184,1.00,1.00
2015.11.24 22:58:50.854,9.24945,9.25184,1.00,1.00
2015.11.24 22:58:51.495,9.24946,9.25184,1.00,1.00
2015.11.24 22:58:53.034,9.24945,9.25184,1.00,1.00
2015.11.24 22:58:53.746,9.24946,9.25184,1.00,1.00
2015.11.24 22:58:54.505,9.24945,9.25184,1.00,1.00
2015.11.24 22:58:55.041,9.24946,9.25184,1.00,1.00
2015.11.24 22:58:56.063,9.24945,9.25184,1.00,1.00
2015.11.24 22:58:56.574,9.24946,9.25184,1.00,1.00
2015.11.24 22:59:02.773,9.24945,9.25184,1.00,1.00
2015.11.24 22:59:03.277,9.24946,9.25184,1.00,1.00
2015.11.24 22:59:05.490,9.24945,9.25184,1.00,1.00
2015.11.24 22:59:05.992,9.24946,9.25184,1.00,1.00
2015.11.24 22:59:08.004,9.24945,9.25184,1.00,1.00
2015.11.24 22:59:08.524,9.24946,9.25184,1.00,1.00
2015.11.24 22:59:09.310,9.24945,9.25184,1.00,1.00
2015.11.24 22:59:09.811,9.24946,9.25184,1.00,1.00
2015.11.24 22:59:10.452,9.24945,9.25184,1.00,1.00
2015.11.24 22:59:11.016,9.24946,9.25184,1.00,1.00
2015.11.24 22:59:16.403,9.24946,9.25224,1.00,1.00
2015.11.24 22:59:16.511,9.24946,9.25294,1.00,1.00
2015.11.24 22:59:17.342,9.24986,9.25294,1.00,1.00
2015.11.24 22:59:18.154,9.24985,9.25295,1.00,1.00
2015.11.24 22:59:18.513,9.25006,9.25295,1.00,1.00
2015.11.24 22:59:18.565,9.25006,9.25304,1.00,1.50
2015.11.24 22:59:18.851,9.25006,9.25294,1.00,1.00
2015.11.24 22:59:19.354,9.25026,9.25294,1.00,1.00
2015.11.24 22:59:22.478,9.25046,9.25294,1.00,1.00
2015.11.24 22:59:25.561,9.25046,9.25304,1.00,1.50
2015.11.24 22:59:26.890,9.25046,9.25294,1.00,1.00
2015.11.24 22:59:27.490,9.25045,9.25294,1.00,1.00
2015.11.24 22:59:28.002,9.25046,9.25294,1.00,1.00
2015.11.24 22:59:29.375,9.25046,9.25304,1.00,1.50
2015.11.24 22:59:33.313,9.25046,9.25295,1.00,1.00
2015.11.24 22:59:40.893,9.25016,9.25295,1.00,1.00
2015.11.24 22:59:40.944,9.25016,9.25304,1.00,1.00
2015.11.24 22:59:42.049,9.25015,9.25304,1.00,1.00
2015.11.24 22:59:42.873,9.25016,9.25304,1.00,1.00
2015.11.24 22:59:44.156,9.25015,9.25304,1.00,1.00
2015.11.24 22:59:45.195,9.25016,9.25304,1.00,1.00
2015.11.24 22:59:46.293,9.25015,9.25304,1.00,1.00
2015.11.24 22:59:47.016,9.25016,9.25304,1.00,1.00
2015.11.24 22:59:52.687,9.25015,9.25304,1.00,1.00
2015.11.24 22:59:53.489,9.25016,9.25304,1.00,1.00
2015.11.24 22:59:53.890,9.25026,9.25304,1.00,1.00
2015.11.24 22:59:55.512,9.25025,9.25304,1.00,1.00
2015.11.24 22:59:56.262,9.25026,9.25304,1.00,1.00
