2011.10.12 11:00:17.258,9.11665,9.11964,1.50,1.50
2011.10.12 11:00:21.255,9.11704,9.11958,1.50,1.50
2011.10.12 11:00:29.727,9.11728,9.11983,1.50,1.50
2011.10.12 11:00:30.784,9.11737,9.11983,1.50,1.50
2011.10.12 11:00:32.746,9.11763,9.11988,1.50,1.13
2011.10.12 11:00:33.089,9.11779,9.12002,1.50,1.13
2011.10.12 11:00:33.657,9.11779,9.12002,1.50,1.13
2011.10.12 11:00:33.897,9.11779,9.12012,1.50,1.13
2011.10.12 11:00:40.213,9.11818,9.12022,1.50,1.13
2011.10.12 11:01:02.058,9.11779,9.12033,1.50,1.50
2011.10.12 11:01:05.022,9.1179,9.12023,1.13,1.13
2011.10.12 11:01:42.069,9.11748,9.12052,1.50,1.50
2011.10.12 11:01:44.507,9.11954,9.12085,1.35,1.50
2011.10.12 11:01:44.627,9.1193,9.12132,1.50,1.50
2011.10.12 11:01:44.749,9.11944,9.12142,1.50,1.65
2011.10.12 11:01:44.984,9.1188,9.12219,1.35,1.34
2011.10.12 11:01:46.857,9.11887,9.12219,2.85,1.34
2011.10.12 11:01:58.341,9.11887,9.12219,2.25,1.34
2011.10.12 11:01:58.462,9.11887,9.12194,2.25,1.34
2011.10.12 11:01:58.586,9.1179,9.12058,1.13,1.13
2011.10.12 11:01:58.814,9.1179,9.12058,1.13,1.13
2011.10.12 11:02:01.458,9.1179,9.12038,1.13,1.13
2011.10.12 11:02:02.065,9.1179,9.12038,1.13,1.13
2011.10.12 11:02:02.879,9.1179,9.12033,1.13,1.13
2011.10.12 11:02:04.126,9.1179,9.12022,1.13,1.13
2011.10.12 11:02:35.895,9.11828,9.12022,1.50,1.13
2011.10.12 11:02:50.344,9.11828,9.12022,1.13,1.50
2011.10.12 11:02:50.709,9.11788,9.12024,1.50,1.50
2011.10.12 11:02:51.707,9.11783,9.12024,1.50,1.50
2011.10.12 11:03:01.388,9.11777,9.12023,1.50,1.50
2011.10.12 11:03:01.750,9.11778,9.12004,1.50,1.50
2011.10.12 11:03:05.121,9.11787,9.11993,1.50,1.50
2011.10.12 11:03:09.912,9.11798,9.11988,1.50,1.13
2011.10.12 11:03:10.148,9.11788,9.12002,1.50,1.13
2011.10.12 11:03:14.821,9.11777,9.12002,1.50,1.13
2011.10.12 11:03:15.279,9.11777,9.12002,1.50,1.13
2011.10.12 11:03:15.517,9.11777,9.12002,1.50,1.50
2011.10.12 11:03:15.976,9.11787,9.11988,1.50,1.13
2011.10.12 11:03:21.008,9.11788,9.11982,1.50,1.13
2011.10.12 11:03:23.811,9.11798,9.11988,1.50,1.73
2011.10.12 11:03:23.934,9.11737,9.11965,2.25,1.35
2011.10.12 11:03:25.158,9.11737,9.11988,1.50,1.13
2011.10.12 11:03:38.935,9.11748,9.11987,1.50,1.50
2011.10.12 11:04:27.233,9.11727,9.11962,1.50,1.13
2011.10.12 11:04:27.850,9.11727,9.11952,1.50,1.13
2011.10.12 11:04:28.235,9.11708,9.11962,1.50,1.50
2011.10.12 11:04:28.677,9.1166,9.11935,1.50,1.50
2011.10.12 11:04:29.036,9.11727,9.11914,1.50,1.13
2011.10.12 11:04:35.829,9.1166,9.11914,1.50,1.13
2011.10.12 11:04:36.175,9.11638,9.11844,1.13,1.50
2011.10.12 11:04:41.487,9.11627,9.11844,2.63,1.50
2011.10.12 11:04:57.398,9.11632,9.11844,1.13,1.50
2011.10.12 11:05:11.744,9.11617,9.11844,3.75,1.50
2011.10.12 11:05:13.843,9.11617,9.11844,3.75,1.50
2011.10.12 11:05:36.615,9.11633,9.11893,1.13,1.13
2011.10.12 11:05:38.572,9.11707,9.11893,1.50,1.13
2011.10.12 11:05:40.786,9.11707,9.11893,1.50,1.13
2011.10.12 11:05:42.038,9.11707,9.11893,1.50,1.13
2011.10.12 11:05:42.630,9.11707,9.11893,1.50,1.13
2011.10.12 11:05:43.283,9.11707,9.11893,1.50,1.13
2011.10.12 11:05:43.435,9.11681,9.11911,1.50,1.34
2011.10.12 11:05:44.409,9.11681,9.11911,1.50,1.34
2011.10.12 11:05:45.456,9.11681,9.11911,1.50,1.34
2011.10.12 11:05:46.341,9.11681,9.11911,1.50,1.34
2011.10.12 11:05:47.771,9.11681,9.11911,1.50,1.34
2011.10.12 11:05:49.000,9.11681,9.11911,1.50,1.34
2011.10.12 11:05:55.711,9.11681,9.11911,1.50,1.34
2011.10.12 11:05:58.417,9.11681,9.11911,1.50,1.34
2011.10.12 11:05:59.195,9.11681,9.11911,1.50,1.34
2011.10.12 11:06:00.174,9.11681,9.11911,1.50,1.34
2011.10.12 11:06:01.482,9.11681,9.11911,1.50,1.34
2011.10.12 11:06:06.512,9.11681,9.11911,1.50,1.34
2011.10.12 11:06:07.434,9.11681,9.11911,1.50,1.34
2011.10.12 11:06:07.753,9.11707,9.11883,1.50,1.50
2011.10.12 11:06:08.092,9.11726,9.11878,1.50,1.50
2011.10.12 11:06:09.447,9.11726,9.11858,1.50,1.50
2011.10.12 11:06:09.565,9.11715,9.11858,1.50,1.50
2011.10.12 11:06:34.310,9.11715,9.11858,1.50,1.50
2011.10.12 11:06:34.432,9.11723,9.11883,1.50,1.50
2011.10.12 11:06:34.554,9.11723,9.11919,1.50,1.34
2011.10.12 11:06:35.954,9.11749,9.11913,1.13,1.13
2011.10.12 11:06:36.074,9.11716,9.11858,1.50,1.50
2011.10.12 11:06:36.570,9.11716,9.11858,1.50,1.50
2011.10.12 11:06:41.455,9.11758,9.11859,1.50,1.50
2011.10.12 11:06:41.575,9.11758,9.1192,1.50,1.34
2011.10.12 11:06:41.693,9.11783,9.11943,1.50,1.34
2011.10.12 11:06:41.814,9.11821,9.11989,1.13,1.50
2011.10.12 11:06:41.935,9.11821,9.11989,1.50,1.50
2011.10.12 11:06:42.056,9.11814,9.11992,1.50,1.50
2011.10.12 11:06:52.628,9.11818,9.12004,1.50,1.13
2011.10.12 11:06:52.747,9.11818,9.12004,1.50,1.13
2011.10.12 11:06:53.088,9.11818,9.11991,1.13,1.72
2011.10.12 11:07:00.825,9.11808,9.11989,1.50,1.72
2011.10.12 11:07:00.946,9.11808,9.11989,1.50,1.34
2011.10.12 11:07:01.064,9.11808,9.11993,1.50,1.34
2011.10.12 11:07:11.733,9.11818,9.11994,1.50,1.34
2011.10.12 11:07:11.855,9.11818,9.12014,1.50,1.34
2011.10.12 11:07:12.085,9.11818,9.12039,1.50,2.47
2011.10.12 11:07:16.884,9.11857,9.12039,1.50,1.72
2011.10.12 11:07:17.005,9.1189,9.12039,1.35,1.34
2011.10.12 11:07:17.126,9.11923,9.1209,1.50,1.34
2011.10.12 11:07:17.248,9.11949,9.1209,1.50,1.34
2011.10.12 11:07:17.366,9.11903,9.12126,1.50,1.34
2011.10.12 11:07:19.701,9.11908,9.12126,1.50,1.34
2011.10.12 11:07:23.617,9.11928,9.12132,1.50,1.72
2011.10.12 11:07:23.741,9.11928,9.12123,1.13,1.34
2011.10.12 11:07:24.195,9.11928,9.12132,1.50,1.72
2011.10.12 11:07:24.424,9.11928,9.12132,1.50,1.72
2011.10.12 11:07:38.666,9.11919,9.12125,1.50,1.34
2011.10.12 11:07:41.723,9.11908,9.12148,1.50,1.34
2011.10.12 11:07:41.848,9.11908,9.12122,1.50,1.34
2011.10.12 11:07:42.184,9.11912,9.12109,1.13,1.50
2011.10.12 11:07:46.801,9.11888,9.12118,1.50,1.34
2011.10.12 11:07:46.922,9.11888,9.12133,1.50,1.50
2011.10.12 11:07:47.158,9.11948,9.12177,1.50,1.34
2011.10.12 11:07:47.276,9.1198,9.12201,1.50,1.34
2011.10.12 11:07:47.397,9.1198,9.12201,1.50,1.50
2011.10.12 11:07:59.834,9.12002,9.12232,1.50,1.34
2011.10.12 11:08:00.434,9.12012,9.12268,1.50,1.34
2011.10.12 11:08:13.816,9.12005,9.12275,1.50,1.34
2011.10.12 11:08:13.933,9.11979,9.12295,1.50,1.34
2011.10.12 11:08:20.909,9.12012,9.12268,1.50,1.34
2011.10.12 11:09:00.970,9.12017,9.12271,1.50,1.34
2011.10.12 11:09:02.304,9.12019,9.12275,1.50,1.34
2011.10.12 11:09:48.563,9.12021,9.12275,1.50,1.34
2011.10.12 11:09:59.927,9.1202,9.12176,1.50,1.50
2011.10.12 11:10:00.046,9.11863,9.12084,1.13,1.50
2011.10.12 11:10:00.165,9.11866,9.12084,1.50,1.50
2011.10.12 11:10:09.768,9.11886,9.1209,1.50,1.34
2011.10.12 11:10:22.701,9.11886,9.1209,1.50,1.34
2011.10.12 11:10:23.058,9.1189,9.12096,1.50,1.34
2011.10.12 11:10:54.529,9.11884,9.1209,1.50,1.34
2011.10.12 11:10:55.189,9.11881,9.12085,1.50,1.34
2011.10.12 11:12:08.973,9.1188,9.12086,1.13,1.34
2011.10.12 11:12:09.422,9.11851,9.12102,1.50,1.34
2011.10.12 11:12:09.544,9.11851,9.12048,1.50,1.35
2011.10.12 11:12:09.772,9.11811,9.12032,1.50,1.50
2011.10.12 11:12:10.576,9.11834,9.12038,1.13,1.34
2011.10.12 11:12:25.217,9.11834,9.12038,1.13,1.34
2011.10.12 11:12:26.029,9.11834,9.12003,1.13,1.50
2011.10.12 11:12:26.378,9.11756,9.11942,1.50,1.50
2011.10.12 11:12:26.604,9.11747,9.11942,1.13,1.50
2011.10.12 11:12:28.803,9.11748,9.11942,1.13,1.50
2011.10.12 11:12:30.430,9.11731,9.11922,1.13,1.34
2011.10.12 11:12:30.555,9.11731,9.11917,1.13,1.34
2011.10.12 11:12:36.934,9.11686,9.11914,1.50,1.34
2011.10.12 11:12:37.275,9.11648,9.11836,1.50,1.50
2011.10.12 11:12:37.394,9.11648,9.11836,1.50,1.50
2011.10.12 11:12:37.516,9.11632,9.11836,1.13,1.50
2011.10.12 11:12:37.636,9.1162,9.11817,1.13,1.34
2011.10.12 11:12:39.399,9.11617,9.11817,1.13,1.34
2011.10.12 11:12:42.067,9.11597,9.11802,1.50,1.50
2011.10.12 11:12:42.575,9.11589,9.11795,1.13,1.34
2011.10.12 11:12:57.444,9.11589,9.11772,1.13,1.50
2011.10.12 11:13:32.224,9.11577,9.1178,1.13,1.34
2011.10.12 11:13:40.866,9.11578,9.11768,1.13,1.34
2011.10.12 11:13:41.328,9.11548,9.11745,1.13,1.50
2011.10.12 11:13:41.449,9.11557,9.11733,1.13,1.34
2011.10.12 11:13:41.579,9.11557,9.11733,1.13,1.34
2011.10.12 11:13:42.905,9.11527,9.11733,1.50,1.34
2011.10.12 11:13:51.120,9.11538,9.11722,1.13,1.34
2011.10.12 11:13:51.266,9.11528,9.11707,1.13,1.34
2011.10.12 11:13:54.286,9.11497,9.11683,1.50,1.72
2011.10.12 11:13:56.895,9.11497,9.11692,1.50,1.34
2011.10.12 11:13:59.002,9.1147,9.11635,2.10,1.50
2011.10.12 11:13:59.126,9.11438,9.11635,1.13,1.50
2011.10.12 11:13:59.245,9.11433,9.11635,1.13,1.50
2011.10.12 11:13:59.364,9.11431,9.11635,1.13,1.50
2011.10.12 11:13:59.706,9.11423,9.1163,1.13,1.34
2011.10.12 11:14:00.045,9.11404,9.11545,1.50,1.50
2011.10.12 11:14:00.169,9.11354,9.11545,1.50,1.50
2011.10.12 11:14:00.300,9.11358,9.11545,1.13,1.50
2011.10.12 11:14:00.425,9.11348,9.11545,1.13,1.50
2011.10.12 11:14:04.073,9.11338,9.11538,1.13,1.34
2011.10.12 11:14:04.415,9.11328,9.11531,1.13,1.34
2011.10.12 11:14:05.275,9.11323,9.11516,1.50,1.50
2011.10.12 11:14:05.526,9.11307,9.11516,1.13,1.50
2011.10.12 11:14:09.685,9.11296,9.11495,1.50,1.50
2011.10.12 11:14:10.184,9.11302,9.11503,1.13,1.50
2011.10.12 11:14:12.205,9.1129,9.11491,1.50,1.50
2011.10.12 11:14:12.326,9.11273,9.11487,1.13,1.34
2011.10.12 11:14:12.446,9.11281,9.11487,1.13,1.34
2011.10.12 11:14:19.394,9.1125,9.11476,1.50,1.19
2011.10.12 11:14:19.515,9.11245,9.11453,1.50,2.25
2011.10.12 11:14:19.854,9.11328,9.11472,1.50,3.00
2011.10.12 11:14:23.704,9.11328,9.11457,1.50,1.50
2011.10.12 11:14:23.825,9.11282,9.11496,1.50,1.50
2011.10.12 11:14:23.944,9.11292,9.11496,1.13,1.50
2011.10.12 11:14:24.066,9.11292,9.11482,1.13,1.50
2011.10.12 11:14:33.679,9.11297,9.11548,3.00,1.34
2011.10.12 11:14:33.805,9.11297,9.11548,3.00,1.34
2011.10.12 11:15:28.567,9.11297,9.11548,3.00,1.34
2011.10.12 11:15:36.226,9.11407,9.11549,3.00,1.34
2011.10.12 11:15:36.466,9.11459,9.1173,1.13,1.34
2011.10.12 11:15:36.588,9.11477,9.11732,1.13,1.34
2011.10.12 11:15:37.012,9.11514,9.11758,1.50,1.34
2011.10.12 11:15:37.142,9.1163,9.11873,1.50,1.13
2011.10.12 11:15:37.273,9.1163,9.11893,1.50,1.34
2011.10.12 11:15:37.729,9.1163,9.11899,1.50,1.34
2011.10.12 11:15:37.978,9.11641,9.11931,1.50,1.34
2011.10.12 11:15:38.315,9.11697,9.11911,2.25,1.34
2011.10.12 11:15:38.439,9.11697,9.11913,2.25,1.34
2011.10.12 11:15:38.943,9.11697,9.11913,2.25,1.34
2011.10.12 11:15:39.085,9.11687,9.11915,2.25,1.34
2011.10.12 11:15:40.339,9.11687,9.11915,3.00,1.34
2011.10.12 11:15:40.592,9.11673,9.11926,1.50,1.34
2011.10.12 11:15:45.295,9.11653,9.11927,1.50,1.34
2011.10.12 11:15:45.659,9.11653,9.11857,1.13,1.34
2011.10.12 11:16:14.322,9.11653,9.11862,1.50,1.34
2011.10.12 11:16:14.454,9.11669,9.11923,1.50,1.34
2011.10.12 11:16:14.580,9.11674,9.1193,1.50,1.34
2011.10.12 11:16:15.364,9.11678,9.11934,1.50,1.34
2011.10.12 11:16:17.529,9.11698,9.11909,1.13,1.50
2011.10.12 11:16:17.760,9.11678,9.11884,1.50,1.34
2011.10.12 11:16:18.793,9.11653,9.11909,1.50,2.09
2011.10.12 11:16:18.929,9.11695,9.11937,1.50,1.34
2011.10.12 11:16:19.277,9.11698,9.11937,1.50,2.47
2011.10.12 11:16:19.618,9.11698,9.11928,1.50,1.34
2011.10.12 11:16:19.847,9.11698,9.11937,1.50,1.34
2011.10.12 11:16:19.968,9.11698,9.119,1.50,1.50
2011.10.12 11:16:20.194,9.11678,9.11882,1.13,1.34
2011.10.12 11:16:21.837,9.11652,9.11908,1.50,1.34
2011.10.12 11:16:21.965,9.11693,9.11907,1.50,1.50
2011.10.12 11:16:22.318,9.11681,9.11923,1.50,1.34
2011.10.12 11:16:22.435,9.11681,9.11912,1.50,1.34
2011.10.12 11:16:22.556,9.11681,9.11907,1.50,1.50
2011.10.12 11:16:22.898,9.11681,9.11882,1.13,1.50
2011.10.12 11:17:06.154,9.11623,9.11862,1.50,1.34
2011.10.12 11:17:06.288,9.11581,9.11834,1.50,1.50
2011.10.12 11:17:06.518,9.11548,9.11792,3.00,1.34
2011.10.12 11:17:06.748,9.11561,9.11792,1.50,1.34
2011.10.12 11:17:15.431,9.11553,9.11792,1.50,1.34
2011.10.12 11:17:15.685,9.11573,9.11803,1.50,1.34
2011.10.12 11:17:15.916,9.11574,9.11803,1.50,1.34
2011.10.12 11:17:21.575,9.11585,9.11835,1.50,1.34
2011.10.12 11:17:39.265,9.1161,9.11835,1.50,1.72
2011.10.12 11:17:39.391,9.11652,9.11857,1.50,1.34
2011.10.12 11:17:52.985,9.11658,9.11864,1.13,1.34
2011.10.12 11:17:54.035,9.11621,9.1187,1.50,1.34
2011.10.12 11:17:54.157,9.11621,9.1187,1.50,2.09
2011.10.12 11:17:54.278,9.11621,9.1185,1.50,1.34
2011.10.12 11:17:54.506,9.11615,9.11845,1.50,1.34
2011.10.12 11:18:49.446,9.11615,9.11844,1.50,1.34
2011.10.12 11:18:55.645,9.11615,9.11869,1.50,1.34
2011.10.12 11:19:01.713,9.11615,9.11869,1.50,1.34
2011.10.12 11:19:03.154,9.11594,9.1185,1.50,1.34
2011.10.12 11:19:21.424,9.11589,9.11792,1.50,1.50
2011.10.12 11:19:21.546,9.1158,9.11752,1.50,1.50
2011.10.12 11:19:21.664,9.11563,9.11752,1.13,1.50
2011.10.12 11:19:21.787,9.11562,9.11752,1.13,1.50
2011.10.12 11:19:22.015,9.11557,9.11752,1.13,1.50
2011.10.12 11:19:22.244,9.11553,9.11752,1.13,1.50
2011.10.12 11:19:47.393,9.11544,9.11733,1.13,1.50
2011.10.12 11:21:00.989,9.11506,9.1165,1.50,1.50
2011.10.12 11:21:01.116,9.11477,9.1165,1.50,1.50
2011.10.12 11:21:01.238,9.11461,9.11675,1.35,1.50
2011.10.12 11:21:01.357,9.11506,9.11703,1.50,1.50
2011.10.12 11:21:01.476,9.11506,9.11733,1.50,1.34
2011.10.12 11:21:05.084,9.11487,9.11711,1.50,1.34
2011.10.12 11:21:05.430,9.11453,9.11656,1.13,1.34
2011.10.12 11:21:05.561,9.11452,9.11644,1.13,1.50
2011.10.12 11:21:17.404,9.11418,9.11618,1.56,1.34
2011.10.12 11:21:17.746,9.11412,9.11594,1.50,1.50
2011.10.12 11:21:17.978,9.11386,9.11592,1.13,1.34
2011.10.12 11:21:19.017,9.11367,9.11572,1.50,1.34
2011.10.12 11:21:19.246,9.11373,9.11572,1.13,1.50
2011.10.12 11:21:20.094,9.11373,9.11572,1.50,1.13
2011.10.12 11:21:21.941,9.11368,9.11572,1.50,1.50
2011.10.12 11:21:22.186,9.11328,9.1151,1.13,1.50
2011.10.12 11:21:22.417,9.11312,9.11518,1.13,1.34
2011.10.12 11:21:23.564,9.11312,9.11513,1.13,1.50
2011.10.12 11:21:26.314,9.11304,9.11503,1.50,1.13
2011.10.12 11:21:26.544,9.11321,9.11523,1.50,1.50
2011.10.12 11:21:29.189,9.11321,9.11523,1.13,1.50
2011.10.12 11:21:29.527,9.11274,9.11424,1.50,1.50
2011.10.12 11:21:29.867,9.11199,9.114,1.50,1.50
2011.10.12 11:21:30.676,9.11218,9.1138,1.13,1.13
2011.10.12 11:21:30.797,9.11218,9.11413,1.13,1.50
2011.10.12 11:21:34.538,9.11211,9.11438,1.50,1.50
2011.10.12 11:21:34.659,9.11211,9.11442,1.50,1.34
2011.10.12 11:21:34.901,9.1122,9.11446,1.50,1.34
2011.10.12 11:21:35.294,9.1122,9.11449,1.50,1.34
2011.10.12 11:21:45.875,9.1122,9.11434,1.50,1.50
2011.10.12 11:21:46.214,9.11225,9.11415,1.50,1.50
2011.10.12 11:21:47.664,9.11251,9.11439,1.50,1.50
2011.10.12 11:21:47.785,9.1129,9.11483,1.50,1.34
2011.10.12 11:21:47.904,9.11292,9.11498,1.50,1.34
2011.10.12 11:21:48.594,9.113,9.11474,1.50,1.35
2011.10.12 11:21:48.726,9.11272,9.11461,1.50,1.50
2011.10.12 11:21:51.268,9.11272,9.11422,1.50,1.50
2011.10.12 11:21:51.502,9.11269,9.11422,1.50,1.50
2011.10.12 11:21:55.218,9.11288,9.11442,1.13,1.13
2011.10.12 11:21:55.337,9.11288,9.11472,1.13,1.50
2011.10.12 11:21:55.458,9.11281,9.11472,1.13,1.50
2011.10.12 11:21:55.578,9.11281,9.11472,1.50,1.13
2011.10.12 11:21:58.070,9.1137,9.11493,1.35,1.50
2011.10.12 11:21:58.591,9.1137,9.11534,1.35,1.34
2011.10.12 11:21:59.374,9.11354,9.11534,1.35,1.34
2011.10.12 11:22:01.053,9.11354,9.1151,1.35,1.34
2011.10.12 11:22:01.175,9.11338,9.11487,3.00,1.50
2011.10.12 11:22:01.297,9.11273,9.11462,1.13,1.50
2011.10.12 11:22:01.416,9.11291,9.11462,1.50,1.50
2011.10.12 11:22:01.537,9.11338,9.11522,3.00,1.34
2011.10.12 11:22:02.096,9.11338,9.11532,3.00,1.34
2011.10.12 11:22:13.886,9.11338,9.11532,2.25,1.34
2011.10.12 11:22:14.015,9.11338,9.11532,3.00,1.34
2011.10.12 11:22:56.556,9.11338,9.11532,3.00,1.34
2011.10.12 11:23:08.187,9.11338,9.11523,2.63,1.34
2011.10.12 11:23:08.527,9.11306,9.11518,1.50,1.34
2011.10.12 11:23:29.251,9.11314,9.1152,1.50,1.34
2011.10.12 11:23:29.597,9.1129,9.11494,1.50,1.50
2011.10.12 11:23:29.716,9.1129,9.11494,1.50,1.50
2011.10.12 11:23:33.548,9.11285,9.11457,1.50,1.50
2011.10.12 11:23:33.666,9.11243,9.11457,1.50,1.50
2011.10.12 11:23:34.038,9.11243,9.11457,1.50,1.50
2011.10.12 11:23:34.164,9.1124,9.11449,1.50,1.50
2011.10.12 11:23:34.286,9.1124,9.11471,1.50,1.34
2011.10.12 11:23:34.411,9.1124,9.11472,1.50,2.84
2011.10.12 11:23:34.544,9.1124,9.11471,1.50,1.34
2011.10.12 11:23:34.790,9.1124,9.11492,1.50,2.84
2011.10.12 11:23:37.646,9.11265,9.11492,1.50,2.84
2011.10.12 11:23:37.987,9.11328,9.11559,1.50,1.72
2011.10.12 11:23:41.835,9.11352,9.11563,1.50,2.09
2011.10.12 11:23:46.117,9.11352,9.11558,1.50,1.34
2011.10.12 11:23:46.458,9.11335,9.11478,1.50,1.50
2011.10.12 11:23:46.686,9.11276,9.11391,1.50,1.50
2011.10.12 11:23:46.806,9.11214,9.11391,1.50,1.50
2011.10.12 11:23:49.266,9.11214,9.11416,1.50,1.50
2011.10.12 11:23:49.387,9.11274,9.11416,1.50,1.50
2011.10.12 11:23:49.617,9.11274,9.1148,1.50,1.50
2011.10.12 11:23:56.676,9.11274,9.1148,1.50,1.50
2011.10.12 11:23:59.129,9.11277,9.11458,1.50,1.50
2011.10.12 11:24:00.486,9.11253,9.11458,1.50,1.50
2011.10.12 11:24:57.393,9.11252,9.11492,1.50,2.84
2011.10.12 11:25:17.073,9.11252,9.11475,1.50,2.25
2011.10.12 11:25:25.724,9.11252,9.11445,1.50,1.50
2011.10.12 11:25:43.758,9.11251,9.11445,1.50,1.50
2011.10.12 11:25:46.843,9.1125,9.11445,1.50,1.50
2011.10.12 11:25:49.389,9.11337,9.11492,1.50,2.25
2011.10.12 11:25:49.520,9.11352,9.11556,1.35,1.34
2011.10.12 11:25:49.649,9.11384,9.11605,1.50,1.13
2011.10.12 11:25:49.767,9.11384,9.11622,1.50,1.72
2011.10.12 11:25:49.887,9.11449,9.11622,2.10,1.13
2011.10.12 11:25:50.007,9.11455,9.11668,1.35,1.50
2011.10.12 11:25:50.127,9.11487,9.11675,2.85,1.34
2011.10.12 11:25:50.255,9.11496,9.11715,1.35,1.50
2011.10.12 11:25:50.383,9.11496,9.11721,1.35,1.34
2011.10.12 11:25:50.508,9.11516,9.11745,1.35,1.72
2011.10.12 11:26:01.234,9.11538,9.11763,1.50,1.34
2011.10.12 11:26:14.929,9.11547,9.11763,1.50,1.34
2011.10.12 11:26:15.056,9.11547,9.11758,1.50,1.34
2011.10.12 11:26:16.927,9.11547,9.11753,1.13,1.34
2011.10.12 11:26:19.685,9.11528,9.11733,1.50,1.50
2011.10.12 11:26:20.028,9.11525,9.11717,1.13,1.50
2011.10.12 11:26:20.370,9.11503,9.11709,1.50,1.34
2011.10.12 11:26:25.177,9.11508,9.11644,1.13,2.10
2011.10.12 11:26:25.408,9.11479,9.11644,1.50,2.10
2011.10.12 11:26:25.527,9.11447,9.11622,1.50,1.50
2011.10.12 11:26:25.648,9.11433,9.11656,1.50,1.50
2011.10.12 11:26:25.765,9.11425,9.11639,1.50,1.34
2011.10.12 11:26:40.006,9.11409,9.11631,1.50,1.34
2011.10.12 11:26:42.976,9.11402,9.11573,1.50,1.50
2011.10.12 11:26:43.096,9.11371,9.11573,1.13,1.50
2011.10.12 11:26:43.325,9.11357,9.11558,1.13,1.50
2011.10.12 11:26:43.449,9.11357,9.11515,1.13,1.50
2011.10.12 11:26:43.569,9.11328,9.11498,1.50,1.50
2011.10.12 11:26:44.659,9.11304,9.11498,1.50,1.50
2011.10.12 11:27:27.024,9.11304,9.11513,1.50,3.00
2011.10.12 11:27:57.511,9.11304,9.11492,1.50,3.00
2011.10.12 11:27:58.879,9.11108,9.11285,2.25,1.34
2011.10.12 11:27:59.004,9.11132,9.11363,2.25,1.34
2011.10.12 11:27:59.131,9.11112,9.11363,1.50,1.34
2011.10.12 11:27:59.442,9.11112,9.11363,1.50,1.34
2011.10.12 11:27:59.909,9.11119,9.11303,1.13,1.50
2011.10.12 11:28:03.915,9.11094,9.11323,1.50,1.34
2011.10.12 11:28:04.037,9.11094,9.11303,1.50,1.34
2011.10.12 11:28:04.277,9.11094,9.11283,1.50,1.13
2011.10.12 11:28:08.500,9.1106,9.1129,1.50,1.34
2011.10.12 11:28:08.733,9.11086,9.11283,1.50,1.13
2011.10.12 11:28:18.469,9.11056,9.11293,1.50,1.34
2011.10.12 11:28:18.699,9.11056,9.11285,1.50,1.34
2011.10.12 11:28:18.932,9.11081,9.11283,1.50,1.13
2011.10.12 11:29:08.885,9.11083,9.11289,1.50,1.34
2011.10.12 11:29:16.343,9.11084,9.11293,1.50,1.34
2011.10.12 11:29:17.136,9.11084,9.11288,1.50,1.34
2011.10.12 11:29:18.041,9.1117,9.11311,1.50,1.34
2011.10.12 11:29:18.278,9.1117,9.11355,1.50,1.34
2011.10.12 11:29:18.396,9.1117,9.11355,1.50,1.35
2011.10.12 11:29:18.517,9.11153,9.11344,1.50,1.35
2011.10.12 11:29:18.644,9.11107,9.11295,1.50,1.34
2011.10.12 11:29:18.887,9.11069,9.11294,1.50,1.50
2011.10.12 11:29:20.105,9.11143,9.11283,1.35,1.34
2011.10.12 11:29:20.451,9.11301,9.11447,1.35,1.34
2011.10.12 11:29:20.578,9.11317,9.11542,1.50,1.34
2011.10.12 11:29:20.698,9.11341,9.11588,1.50,1.34
2011.10.12 11:29:21.697,9.11345,9.1157,1.50,1.72
2011.10.12 11:29:21.941,9.11345,9.11554,1.50,1.34
2011.10.12 11:30:05.357,9.11347,9.11543,2.25,1.13
2011.10.12 11:30:05.916,9.11343,9.11543,1.50,1.13
2011.10.12 11:30:06.161,9.11343,9.11543,1.50,1.13
2011.10.12 11:30:07.549,9.11345,9.11543,1.50,1.13
2011.10.12 11:30:11.279,9.11345,9.11534,1.50,1.13
2011.10.12 11:30:12.404,9.11338,9.11532,1.50,1.72
2011.10.12 11:30:12.549,9.11338,9.1153,1.50,1.72
2011.10.12 11:30:14.747,9.11328,9.1153,1.50,1.72
2011.10.12 11:30:55.448,9.11327,9.11523,1.50,1.72
2011.10.12 11:31:02.249,9.11308,9.11511,1.50,1.34
2011.10.12 11:31:05.287,9.11308,9.11502,1.50,1.50
2011.10.12 11:31:06.956,9.11311,9.11501,1.50,1.50
2011.10.12 11:31:19.694,9.11311,9.11502,1.50,1.50
2011.10.12 11:31:29.739,9.11298,9.11492,1.50,1.50
2011.10.12 11:31:29.857,9.11298,9.11437,1.50,1.35
2011.10.12 11:31:29.976,9.11254,9.11437,1.50,1.35
2011.10.12 11:31:30.096,9.11254,9.11413,1.50,1.50
2011.10.12 11:31:30.919,9.1123,9.11413,1.50,1.50
2011.10.12 11:31:31.577,9.1123,9.11433,1.50,1.50
2011.10.12 11:31:31.697,9.1123,9.11437,1.50,1.35
2011.10.12 11:31:32.695,9.1123,9.11437,1.50,1.35
2011.10.12 11:31:34.980,9.1123,9.11437,1.50,1.35
2011.10.12 11:31:37.029,9.11221,9.11433,1.50,3.00
2011.10.12 11:31:46.575,9.11221,9.11433,1.50,3.00
2011.10.12 11:31:49.859,9.11221,9.11433,1.50,3.00
2011.10.12 11:31:50.691,9.11221,9.11433,1.50,3.00
2011.10.12 11:31:52.319,9.11221,9.11433,1.50,3.00
2011.10.12 11:32:06.281,9.11221,9.11433,1.50,3.00
2011.10.12 11:32:13.948,9.11054,9.11301,1.50,1.34
2011.10.12 11:32:14.066,9.11043,9.11301,1.13,1.34
2011.10.12 11:32:14.187,9.11033,9.11301,1.50,1.34
2011.10.12 11:32:14.417,9.11028,9.11244,1.13,1.50
2011.10.12 11:32:15.630,9.1104,9.11224,1.13,1.50
2011.10.12 11:32:20.093,9.1103,9.11223,1.13,1.13
2011.10.12 11:32:31.765,9.11077,9.11212,1.50,1.13
2011.10.12 11:32:31.886,9.1103,9.11212,1.13,1.13
2011.10.12 11:33:13.639,9.11024,9.11205,1.50,1.13
2011.10.12 11:33:13.765,9.11024,9.11204,1.13,1.13
2011.10.12 11:33:16.120,9.11005,9.11185,1.50,1.13
2011.10.12 11:33:17.277,9.11005,9.11185,1.50,1.13
2011.10.12 11:33:41.167,9.11002,9.11179,1.50,1.13
2011.10.12 11:33:41.512,9.11,9.11163,1.13,1.13
2011.10.12 11:33:43.016,9.1099,9.11159,1.13,1.13
2011.10.12 11:33:43.912,9.1099,9.11159,1.13,1.13
2011.10.12 11:34:37.903,9.10952,9.11143,1.50,1.50
2011.10.12 11:34:38.027,9.10935,9.11116,1.13,1.50
2011.10.12 11:34:38.257,9.10927,9.11116,1.13,1.50
2011.10.12 11:34:40.897,9.10927,9.11089,1.13,1.13
2011.10.12 11:34:42.059,9.10927,9.11089,1.13,1.13
2011.10.12 11:34:51.946,9.1091,9.11083,1.50,1.35
2011.10.12 11:34:52.069,9.10884,9.11079,1.50,2.10
2011.10.12 11:34:52.187,9.10844,9.11046,1.13,1.34
2011.10.12 11:34:52.309,9.1084,9.11032,1.13,1.50
2011.10.12 11:34:55.312,9.10812,9.11,1.50,1.13
2011.10.12 11:34:56.036,9.10812,9.10998,1.50,1.13
2011.10.12 11:34:56.157,9.10812,9.10998,1.50,1.13
2011.10.12 11:35:11.697,9.10812,9.11012,1.50,1.13
2011.10.12 11:35:12.256,9.10819,9.11012,1.50,1.13
2011.10.12 11:35:13.062,9.10787,9.11003,1.50,1.34
2011.10.12 11:35:13.308,9.10798,9.11002,1.50,1.72
2011.10.12 11:35:13.980,9.10772,9.10971,1.50,1.50
2011.10.12 11:35:14.102,9.10762,9.10947,1.13,1.50
2011.10.12 11:35:16.667,9.10777,9.10971,1.50,1.50
2011.10.12 11:35:16.897,9.10831,9.11028,1.50,1.34
2011.10.12 11:35:17.018,9.10824,9.11002,1.50,3.00
2011.10.12 11:35:17.138,9.10795,9.10947,1.50,1.50
2011.10.12 11:35:20.906,9.10795,9.10912,1.50,2.25
2011.10.12 11:35:21.137,9.10767,9.10912,1.50,2.25
2011.10.12 11:35:21.366,9.10774,9.10913,1.50,2.25
2011.10.12 11:35:21.600,9.10752,9.10912,1.50,2.25
2011.10.12 11:35:22.996,9.10752,9.10912,1.50,2.25
2011.10.12 11:35:28.688,9.10834,9.10982,1.50,1.34
2011.10.12 11:35:29.027,9.10834,9.11022,1.50,1.34
2011.10.12 11:35:34.082,9.10834,9.11022,1.13,1.72
2011.10.12 11:35:34.729,9.1081,9.11023,1.50,1.72
2011.10.12 11:35:35.922,9.1081,9.11007,1.50,1.34
2011.10.12 11:35:36.818,9.1081,9.11007,1.50,1.34
2011.10.12 11:35:44.180,9.1081,9.10992,1.13,1.13
2011.10.12 11:35:44.520,9.10798,9.10992,1.50,1.72
2011.10.12 11:35:46.899,9.10785,9.10974,1.50,1.34
2011.10.12 11:35:54.767,9.1076,9.1096,1.50,1.72
2011.10.12 11:36:08.890,9.10721,9.10932,1.50,1.34
2011.10.12 11:36:09.012,9.10721,9.10927,1.13,1.34
2011.10.12 11:36:12.937,9.107,9.10892,1.50,1.13
2011.10.12 11:36:16.931,9.107,9.10882,1.13,1.13
2011.10.12 11:36:18.698,9.10682,9.10882,1.13,1.50
2011.10.12 11:36:46.406,9.10685,9.10859,1.13,1.13
2011.10.12 11:36:47.560,9.10685,9.10859,1.13,1.13
2011.10.12 11:36:47.929,9.10685,9.10859,1.13,1.13
2011.10.12 11:37:19.715,9.10685,9.10858,1.13,1.13
2011.10.12 11:37:29.107,9.10685,9.10864,1.50,1.13
2011.10.12 11:37:45.398,9.10648,9.10842,1.50,1.50
2011.10.12 11:37:45.519,9.10623,9.10829,1.88,1.34
2011.10.12 11:37:45.905,9.10623,9.10829,1.13,1.34
2011.10.12 11:37:47.926,9.10592,9.10779,1.50,1.13
2011.10.12 11:37:49.292,9.10592,9.10779,1.50,1.13
2011.10.12 11:38:28.772,9.10568,9.10763,1.50,1.50
2011.10.12 11:38:29.285,9.10567,9.10763,1.50,1.50
2011.10.12 11:38:30.086,9.10557,9.10742,1.13,1.50
2011.10.12 11:38:30.501,9.10556,9.10742,1.13,1.50
2011.10.12 11:38:43.310,9.10557,9.10732,1.13,1.50
2011.10.12 11:38:43.537,9.10608,9.10772,1.13,1.13
2011.10.12 11:38:43.910,9.10616,9.10802,1.50,1.13
2011.10.12 11:38:48.185,9.10616,9.10823,1.50,1.72
2011.10.12 11:38:48.312,9.10641,9.10823,1.50,1.13
2011.10.12 11:38:48.686,9.10673,9.10827,1.13,1.13
2011.10.12 11:38:49.042,9.10695,9.10882,1.13,1.13
2011.10.12 11:38:49.498,9.10693,9.10882,1.13,1.13
2011.10.12 11:38:51.643,9.10682,9.10863,1.50,1.13
2011.10.12 11:39:52.369,9.10675,9.10883,1.50,1.34
2011.10.12 11:40:17.815,9.10675,9.10906,1.50,1.34
2011.10.12 11:40:18.049,9.1073,9.10913,1.50,1.13
2011.10.12 11:40:22.127,9.1073,9.10925,1.50,1.13
2011.10.12 11:40:53.656,9.10723,9.10913,1.50,1.50
2011.10.12 11:40:53.777,9.10721,9.10912,1.13,1.50
2011.10.12 11:40:53.900,9.10684,9.10895,1.50,1.34
2011.10.12 11:40:56.181,9.10684,9.10875,1.50,1.13
2011.10.12 11:40:57.348,9.10684,9.10875,1.50,1.13
2011.10.12 11:41:07.557,9.10684,9.10873,1.50,1.13
2011.10.12 11:41:08.008,9.10725,9.1089,1.50,1.34
2011.10.12 11:41:08.126,9.10725,9.10912,1.50,1.34
2011.10.12 11:41:08.249,9.10725,9.1092,1.50,1.13
2011.10.12 11:41:09.029,9.10725,9.1092,1.50,1.13
2011.10.12 11:41:10.345,9.10729,9.1092,1.50,1.13
2011.10.12 11:42:11.157,9.10728,9.1094,1.50,1.34
2011.10.12 11:43:11.444,9.10729,9.10935,1.50,1.34
2011.10.12 11:43:11.786,9.1075,9.10915,1.13,1.13
2011.10.12 11:43:12.941,9.10721,9.10913,1.50,1.50
2011.10.12 11:43:13.057,9.10706,9.10902,1.13,1.50
2011.10.12 11:43:14.012,9.10711,9.10902,1.13,1.50
2011.10.12 11:43:15.910,9.10711,9.10865,1.13,1.13
2011.10.12 11:43:16.902,9.10711,9.10865,1.13,1.13
2011.10.12 11:43:57.667,9.10694,9.10855,1.13,1.13
2011.10.12 11:43:57.899,9.10699,9.10893,1.13,1.50
2011.10.12 11:43:58.792,9.1069,9.10866,1.50,1.13
2011.10.12 11:43:59.029,9.10699,9.10863,1.13,1.13
2011.10.12 11:43:59.919,9.10699,9.10865,1.13,1.13
2011.10.12 11:44:00.367,9.10689,9.10865,1.50,1.13
2011.10.12 11:44:00.748,9.10696,9.1086,1.13,1.13
2011.10.12 11:44:01.309,9.10696,9.10863,1.13,1.13
2011.10.12 11:44:02.740,9.10687,9.1086,1.13,1.13
2011.10.12 11:45:01.505,9.10672,9.10852,1.13,1.50
2011.10.12 11:45:01.627,9.10658,9.10852,1.50,1.50
2011.10.12 11:45:01.859,9.1065,9.10853,1.50,1.50
2011.10.12 11:45:02.530,9.10648,9.10853,1.13,1.50
2011.10.12 11:45:02.649,9.10641,9.10832,1.50,1.50
2011.10.12 11:45:02.769,9.1064,9.10832,1.50,1.50
2011.10.12 11:45:03.234,9.1064,9.10832,1.50,1.50
2011.10.12 11:45:03.471,9.1064,9.10832,1.50,1.50
2011.10.12 11:45:04.157,9.1064,9.10823,1.88,1.50
2011.10.12 11:45:04.518,9.10649,9.10823,1.50,1.50
2011.10.12 11:45:04.968,9.1064,9.10823,1.88,1.50
2011.10.12 11:45:05.799,9.10648,9.10833,1.50,1.13
2011.10.12 11:45:05.921,9.10659,9.10862,1.50,1.13
2011.10.12 11:45:06.261,9.10688,9.10892,1.50,1.34
2011.10.12 11:45:06.670,9.1071,9.10902,1.50,1.13
2011.10.12 11:45:07.213,9.10735,9.10923,1.50,1.72
2011.10.12 11:45:07.346,9.10743,9.10923,1.50,1.13
2011.10.12 11:45:07.955,9.10735,9.10923,1.50,1.50
2011.10.12 11:45:08.197,9.10708,9.10922,1.13,1.34
2011.10.12 11:45:08.432,9.10703,9.10909,1.13,1.34
2011.10.12 11:45:11.498,9.10678,9.10862,1.50,1.50
2011.10.12 11:45:11.618,9.1066,9.10862,1.13,1.50
2011.10.12 11:45:15.389,9.1066,9.10828,1.13,1.13
2011.10.12 11:45:21.451,9.10665,9.10864,1.50,1.34
2011.10.12 11:45:21.679,9.10684,9.10837,1.50,1.13
2011.10.12 11:45:21.801,9.10664,9.1087,1.13,1.34
2011.10.12 11:45:24.230,9.10639,9.10806,1.50,1.34
2011.10.12 11:45:24.355,9.106,9.10806,1.50,1.34
2011.10.12 11:45:24.483,9.10548,9.10735,1.50,1.35
2011.10.12 11:45:24.832,9.10522,9.10721,1.50,1.50
2011.10.12 11:45:25.540,9.10523,9.10713,1.13,1.50
2011.10.12 11:45:25.659,9.10523,9.10713,1.13,1.50
2011.10.12 11:45:25.780,9.10513,9.10713,1.50,1.50
2011.10.12 11:45:26.365,9.10513,9.10713,1.50,1.50
2011.10.12 11:45:47.189,9.10506,9.10663,1.50,1.50
2011.10.12 11:45:47.310,9.10467,9.10663,1.13,1.50
2011.10.12 11:45:47.543,9.10447,9.10641,1.13,1.34
2011.10.12 11:45:48.473,9.1044,9.10641,1.50,1.34
2011.10.12 11:45:48.603,9.10422,9.10641,1.13,1.34
2011.10.12 11:45:48.736,9.10422,9.10634,1.13,1.34
2011.10.12 11:45:49.179,9.1043,9.10634,1.13,1.34
2011.10.12 11:46:13.596,9.10406,9.1063,1.50,1.34
2011.10.12 11:46:14.060,9.10392,9.10596,1.32,1.34
2011.10.12 11:46:19.200,9.10392,9.10583,1.69,1.13
2011.10.12 11:46:19.662,9.10435,9.10603,1.50,1.50
2011.10.12 11:46:22.230,9.10453,9.10607,1.13,1.13
2011.10.12 11:46:22.348,9.10463,9.10673,1.50,3.75
2011.10.12 11:46:24.834,9.10463,9.10673,1.50,1.50
2011.10.12 11:46:27.690,9.10458,9.10663,1.50,1.50
2011.10.12 11:46:28.029,9.10427,9.10643,1.13,1.34
2011.10.12 11:46:29.205,9.10439,9.10728,1.50,1.35
2011.10.12 11:46:29.332,9.1065,9.10765,1.50,1.50
2011.10.12 11:46:29.451,9.1065,9.10912,1.50,1.50
2011.10.12 11:46:29.568,9.10671,9.10917,1.50,1.13
2011.10.12 11:46:32.052,9.10711,9.10897,1.50,1.13
2011.10.12 11:46:33.150,9.10711,9.10897,1.50,1.13
2011.10.12 11:46:35.207,9.10711,9.10897,1.50,1.13
2011.10.12 11:46:35.725,9.10711,9.10897,1.50,1.13
2011.10.12 11:46:42.925,9.10711,9.10898,1.50,1.34
2011.10.12 11:46:43.159,9.10726,9.10913,1.50,1.72
2011.10.12 11:46:43.283,9.10726,9.10913,1.50,1.13
2011.10.12 11:47:03.119,9.10776,9.10973,1.50,1.72
2011.10.12 11:47:03.249,9.1078,9.10982,1.13,1.50
2011.10.12 11:47:03.974,9.1078,9.10983,1.50,1.50
2011.10.12 11:47:10.388,9.10782,9.10982,1.50,1.13
2011.10.12 11:47:11.271,9.10784,9.10988,1.50,1.34
2011.10.12 11:47:31.198,9.10781,9.10985,1.50,1.34
2011.10.12 11:47:31.550,9.10838,9.10987,1.50,1.13
2011.10.12 11:47:32.565,9.10838,9.11013,1.50,1.50
2011.10.12 11:47:41.954,9.10891,9.11056,1.50,1.35
2011.10.12 11:47:42.294,9.10915,9.11083,1.50,2.84
2011.10.12 11:47:42.424,9.10915,9.11103,1.50,1.72
2011.10.12 11:47:44.917,9.10915,9.11102,1.50,1.34
2011.10.12 11:47:45.036,9.1094,9.11118,1.50,1.34
2011.10.12 11:47:45.502,9.10973,9.11118,2.10,1.34
2011.10.12 11:47:45.853,9.11056,9.11239,1.50,1.34
2011.10.12 11:47:46.738,9.11087,9.11239,1.35,1.34
2011.10.12 11:47:46.859,9.11115,9.11235,1.35,1.34
2011.10.12 11:47:46.978,9.11115,9.1126,1.35,1.34
2011.10.12 11:47:47.100,9.11115,9.1126,1.35,1.34
2011.10.12 11:47:47.336,9.11108,9.11269,1.35,1.34
2011.10.12 11:47:48.031,9.11108,9.11292,1.35,1.34
2011.10.12 11:47:52.072,9.11153,9.11292,1.50,1.34
2011.10.12 11:47:52.420,9.1127,9.11536,1.50,1.34
2011.10.12 11:47:56.490,9.11265,9.11496,1.50,1.34
2011.10.12 11:47:56.611,9.11265,9.1151,1.50,1.34
2011.10.12 11:47:56.730,9.1128,9.11421,1.50,1.34
2011.10.12 11:47:57.281,9.1128,9.11483,1.50,1.34
2011.10.12 11:47:59.708,9.11267,9.11473,1.50,1.34
2011.10.12 11:47:59.829,9.11253,9.11473,1.13,1.34
2011.10.12 11:47:59.955,9.11221,9.11453,1.50,1.50
2011.10.12 11:48:00.305,9.11216,9.11416,1.50,1.50
2011.10.12 11:48:00.438,9.1117,9.11374,1.13,1.34
2011.10.12 11:48:00.970,9.11138,9.1134,1.50,1.50
2011.10.12 11:48:01.198,9.11098,9.11304,1.50,1.34
2011.10.12 11:48:01.649,9.11098,9.11304,1.50,1.34
2011.10.12 11:48:02.669,9.11087,9.11297,1.13,1.34
2011.10.12 11:48:02.899,9.11062,9.11268,1.50,1.34
2011.10.12 11:48:03.021,9.11062,9.11268,1.13,1.34
2011.10.12 11:48:03.362,9.11031,9.11276,1.50,1.34
2011.10.12 11:48:03.488,9.11022,9.11212,1.50,2.25
2011.10.12 11:48:03.609,9.11022,9.11212,1.50,2.25
2011.10.12 11:48:03.730,9.11019,9.11249,1.50,1.34
2011.10.12 11:48:05.370,9.11019,9.11249,1.50,1.34
2011.10.12 11:48:05.718,9.10966,9.11172,1.13,1.34
2011.10.12 11:48:07.587,9.10936,9.11143,1.13,1.34
2011.10.12 11:48:07.711,9.10914,9.1112,1.50,1.34
2011.10.12 11:48:07.832,9.10914,9.11122,1.50,1.34
2011.10.12 11:48:13.630,9.10896,9.11122,1.50,1.34
2011.10.12 11:48:13.862,9.10868,9.11074,1.50,1.34
2011.10.12 11:48:13.979,9.10868,9.11071,1.50,1.50
2011.10.12 11:48:14.106,9.10832,9.11017,1.13,1.34
2011.10.12 11:48:14.339,9.10813,9.11017,1.13,1.34
2011.10.12 11:48:19.221,9.10791,9.10981,1.50,1.13
2011.10.12 11:48:19.772,9.10791,9.1098,1.50,1.13
2011.10.12 11:48:36.211,9.10791,9.10994,1.50,1.34
2011.10.12 11:48:36.328,9.1081,9.10994,1.50,1.34
2011.10.12 11:48:41.138,9.10811,9.1101,1.50,1.13
2011.10.12 11:48:41.259,9.10811,9.1101,1.50,1.13
2011.10.12 11:48:42.929,9.10844,9.1101,1.13,1.13
2011.10.12 11:48:44.709,9.10844,9.11036,1.50,1.13
2011.10.12 11:48:44.828,9.10844,9.11036,1.50,1.13
2011.10.12 11:48:46.430,9.10825,9.11023,1.50,1.50
2011.10.12 11:48:46.552,9.10807,9.11011,1.13,1.34
2011.10.12 11:48:47.358,9.10807,9.11011,1.13,1.34
2011.10.12 11:48:49.901,9.10796,9.10981,1.50,1.13
2011.10.12 11:48:54.980,9.10796,9.10991,2.25,1.13
2011.10.12 11:48:56.769,9.10837,9.11036,1.50,1.13
2011.10.12 11:48:57.218,9.10841,9.11036,1.50,1.13
2011.10.12 11:48:57.860,9.10841,9.11043,1.50,1.34
2011.10.12 11:48:58.200,9.10903,9.11067,1.50,1.50
2011.10.12 11:48:58.760,9.10923,9.11152,1.50,1.72
2011.10.12 11:49:02.659,9.10923,9.11152,1.50,1.72
2011.10.12 11:49:02.784,9.10942,9.11152,1.50,1.72
2011.10.12 11:49:03.025,9.10942,9.11152,1.50,1.34
2011.10.12 11:49:03.380,9.1097,9.11176,1.50,1.34
2011.10.12 11:49:06.420,9.10996,9.11185,1.50,1.13
2011.10.12 11:49:06.538,9.10996,9.11185,1.50,1.13
2011.10.12 11:49:11.263,9.10998,9.1119,1.50,1.13
2011.10.12 11:49:11.770,9.10998,9.1119,1.50,1.13
2011.10.12 11:49:22.739,9.10998,9.11191,1.50,1.13
2011.10.12 11:50:14.866,9.10997,9.11211,1.50,1.34
2011.10.12 11:51:04.409,9.10997,9.11191,1.50,1.13
2011.10.12 11:51:04.536,9.10928,9.11081,3.00,1.34
2011.10.12 11:51:04.662,9.10876,9.11081,1.13,1.34
2011.10.12 11:51:04.786,9.10832,9.11026,1.13,1.34
2011.10.12 11:51:05.387,9.10806,9.11036,1.50,1.34
2011.10.12 11:51:09.863,9.1079,9.10993,1.50,1.72
2011.10.12 11:51:10.007,9.10717,9.10887,1.50,1.34
2011.10.12 11:51:10.132,9.10672,9.10881,1.13,1.34
2011.10.12 11:51:10.254,9.10657,9.10881,1.13,1.34
2011.10.12 11:51:10.744,9.10631,9.10862,1.50,1.35
2011.10.12 11:51:11.101,9.10613,9.10819,1.50,1.34
2011.10.12 11:51:11.222,9.10617,9.10819,1.13,1.34
2011.10.12 11:51:11.779,9.10617,9.10819,1.13,1.34
2011.10.12 11:51:12.110,9.10617,9.10819,1.13,1.34
2011.10.12 11:51:12.230,9.10613,9.10819,1.50,1.34
2011.10.12 11:51:13.836,9.10613,9.10813,1.50,1.50
2011.10.12 11:51:14.570,9.10608,9.10782,1.59,1.13
2011.10.12 11:51:19.747,9.10608,9.10783,1.44,1.13
2011.10.12 11:51:20.445,9.10607,9.10783,2.01,1.13
2011.10.12 11:51:29.315,9.10652,9.10803,1.50,1.34
2011.10.12 11:51:29.443,9.10648,9.10802,1.13,1.13
2011.10.12 11:51:29.571,9.10618,9.10802,1.13,1.13
2011.10.12 11:51:29.689,9.10618,9.10822,1.88,1.34
2011.10.12 11:51:31.689,9.10618,9.10833,1.88,1.34
2011.10.12 11:51:32.045,9.10711,9.10833,1.50,1.13
2011.10.12 11:51:32.173,9.10709,9.10838,1.50,1.13
2011.10.12 11:51:32.289,9.10685,9.10838,1.50,1.13
2011.10.12 11:51:32.939,9.10684,9.10913,1.50,1.34
2011.10.12 11:51:33.526,9.10684,9.10882,1.50,1.50
2011.10.12 11:51:33.655,9.10678,9.10882,1.13,1.50
2011.10.12 11:51:51.250,9.10688,9.10923,1.50,1.34
2011.10.12 11:51:51.370,9.10688,9.10923,1.50,1.34
2011.10.12 11:51:51.928,9.10688,9.10923,1.50,1.34
2011.10.12 11:51:55.199,9.10688,9.1094,1.50,1.34
2011.10.12 11:51:55.611,9.10715,9.10944,1.50,1.34
2011.10.12 11:52:09.863,9.10798,9.10944,1.50,1.34
2011.10.12 11:52:10.002,9.10866,9.11102,1.50,1.34
2011.10.12 11:52:10.234,9.10886,9.11103,2.25,1.13
2011.10.12 11:52:11.999,9.10886,9.11083,2.25,1.13
2011.10.12 11:52:12.952,9.10886,9.11083,2.25,1.13
2011.10.12 11:52:16.106,9.10886,9.11083,2.25,1.13
2011.10.12 11:52:48.266,9.10956,9.1114,1.50,1.13
2011.10.12 11:53:17.739,9.10949,9.11178,1.50,1.34
2011.10.12 11:53:17.861,9.10959,9.11203,1.50,1.34
2011.10.12 11:53:17.983,9.10959,9.1121,1.50,1.34
2011.10.12 11:53:26.712,9.10979,9.11185,1.13,1.34
2011.10.12 11:53:38.481,9.10977,9.11185,1.13,1.34
2011.10.12 11:53:38.709,9.10955,9.11161,1.50,1.34
2011.10.12 11:53:43.935,9.1093,9.11114,1.13,1.34
2011.10.12 11:54:03.378,9.1091,9.11114,1.50,1.34
2011.10.12 11:54:03.500,9.10914,9.11144,1.50,1.72
2011.10.12 11:54:03.621,9.10939,9.11152,1.50,1.34
2011.10.12 11:54:18.050,9.10989,9.11173,1.50,1.50
2011.10.12 11:54:18.401,9.11018,9.11215,1.50,1.34
2011.10.12 11:54:19.504,9.11038,9.11215,1.50,1.34
2011.10.12 11:54:19.856,9.11063,9.1123,1.50,1.34
2011.10.12 11:54:20.355,9.11087,9.11263,1.50,1.13
2011.10.12 11:54:21.132,9.11087,9.11263,1.50,1.13
2011.10.12 11:54:21.437,9.11087,9.11263,1.50,1.13
2011.10.12 11:54:23.125,9.11264,9.11347,1.50,1.50
2011.10.12 11:54:23.377,9.11228,9.11496,1.13,1.34
2011.10.12 11:54:25.451,9.11304,9.11499,1.50,1.34
2011.10.12 11:54:26.007,9.11304,9.11503,1.50,1.13
2011.10.12 11:54:26.142,9.11324,9.11533,1.50,1.72
2011.10.12 11:54:26.262,9.11324,9.11533,1.50,1.72
2011.10.12 11:54:30.059,9.11324,9.11509,1.13,1.34
2011.10.12 11:55:02.321,9.11291,9.11503,1.50,2.09
2011.10.12 11:55:22.919,9.1142,9.11561,2.10,1.50
2011.10.12 11:55:23.041,9.1142,9.11568,2.10,1.34
2011.10.12 11:55:23.161,9.1147,9.11577,1.35,1.34
2011.10.12 11:55:23.282,9.11455,9.11617,1.50,1.34
2011.10.12 11:55:23.400,9.11368,9.11617,1.35,1.34
2011.10.12 11:55:23.935,9.11376,9.11617,1.50,1.34
2011.10.12 11:55:24.391,9.11376,9.11632,1.50,1.34
2011.10.12 11:55:24.972,9.11384,9.1164,1.50,1.34
2011.10.12 11:55:25.372,9.11387,9.11643,1.50,1.34
2011.10.12 11:55:26.814,9.11391,9.11647,1.50,1.34
2011.10.12 11:55:27.379,9.11391,9.11647,1.50,1.34
2011.10.12 11:55:27.729,9.11391,9.11647,1.50,1.34
2011.10.12 11:55:41.650,9.11393,9.11626,1.50,1.34
2011.10.12 11:55:41.992,9.11367,9.11609,1.50,1.34
2011.10.12 11:55:51.120,9.11344,9.11598,1.50,1.34
2011.10.12 11:55:51.536,9.11362,9.11566,1.50,1.34
2011.10.12 11:55:51.879,9.11348,9.11554,1.50,1.34
2011.10.12 11:55:54.917,9.11348,9.11554,1.50,1.34
2011.10.12 11:55:55.262,9.11341,9.11545,1.13,1.34
2011.10.12 11:56:10.270,9.11323,9.11523,1.50,1.13
2011.10.12 11:56:11.020,9.11323,9.11523,1.50,1.13
2011.10.12 11:56:11.980,9.11324,9.11542,1.50,1.72
2011.10.12 11:56:12.213,9.11339,9.11543,1.50,1.72
2011.10.12 11:56:18.219,9.11348,9.11557,1.13,1.34
2011.10.12 11:56:18.803,9.11325,9.11522,1.50,1.13
2011.10.12 11:56:19.171,9.11325,9.11529,1.50,1.34
2011.10.12 11:56:19.293,9.11351,9.11557,1.50,1.72
2011.10.12 11:56:21.039,9.11351,9.11555,1.50,1.34
2011.10.12 11:56:22.901,9.11349,9.11557,1.50,1.72
2011.10.12 11:56:29.353,9.11318,9.11507,1.13,1.13
2011.10.12 11:56:29.690,9.11318,9.11548,1.50,1.72
2011.10.12 11:56:29.811,9.1135,9.11558,1.50,1.72
2011.10.12 11:56:31.243,9.1135,9.11537,1.13,1.13
2011.10.12 11:56:31.583,9.11337,9.11537,1.50,1.50
2011.10.12 11:56:33.820,9.11331,9.11523,1.13,1.50
2011.10.12 11:56:34.979,9.11321,9.11523,1.50,1.13
2011.10.12 11:56:37.736,9.11329,9.11507,1.13,1.13
2011.10.12 11:56:38.381,9.1131,9.11513,1.50,1.13
2011.10.12 11:56:38.502,9.11328,9.11532,1.50,1.72
2011.10.12 11:56:40.918,9.11328,9.11532,1.50,2.09
2011.10.12 11:56:42.448,9.11326,9.11532,1.50,1.72
2011.10.12 11:57:00.346,9.11302,9.11507,1.50,1.34
2011.10.12 11:57:00.472,9.11303,9.11498,1.50,1.13
2011.10.12 11:57:07.158,9.11275,9.11425,1.50,1.50
2011.10.12 11:57:07.280,9.11238,9.11343,1.50,1.13
2011.10.12 11:57:07.399,9.11238,9.11367,1.50,1.50
2011.10.12 11:57:07.521,9.11206,9.1141,1.50,1.34
2011.10.12 11:57:07.639,9.11206,9.11436,1.50,1.34
2011.10.12 11:57:07.758,9.11187,9.11414,3.00,1.34
2011.10.12 11:57:07.992,9.11187,9.11414,2.25,1.34
2011.10.12 11:57:08.479,9.1116,9.11414,1.50,1.34
2011.10.12 11:57:08.709,9.11154,9.1141,1.50,1.34
2011.10.12 11:57:12.671,9.11156,9.11412,1.50,1.34
2011.10.12 11:59:25.940,9.11157,9.11492,1.50,3.00
2011.10.12 11:59:26.063,9.11251,9.11525,1.50,1.34
2011.10.12 11:59:26.192,9.11251,9.11536,1.50,1.50
2011.10.12 11:59:26.308,9.11318,9.11542,1.50,3.00
2011.10.12 11:59:42.368,9.11338,9.11522,1.50,2.25
2011.10.12 11:59:42.709,9.11353,9.11522,1.50,3.00
