2010.12.09 18:00:04.214,9.10406,9.10704,1.50,2.40
2010.12.09 18:00:06.137,9.10406,9.10705,1.50,2.40
2010.12.09 18:00:15.102,9.10386,9.10705,1.50,2.40
2010.12.09 18:00:15.330,9.10456,9.10801,1.50,2.30
2010.12.09 18:00:16.790,9.10476,9.10801,1.50,2.30
2010.12.09 18:00:24.288,9.10528,9.10814,1.50,2.30
2010.12.09 18:00:24.402,9.10528,9.10814,1.50,1.50
2010.12.09 18:00:26.084,9.10475,9.10762,1.50,1.50
2010.12.09 18:00:27.728,9.10475,9.10738,1.50,1.50
2010.12.09 18:00:34.642,9.10441,9.10738,1.50,1.50
2010.12.09 18:00:51.810,9.10441,9.10761,1.50,2.30
2010.12.09 18:00:51.919,9.10442,9.10761,1.50,2.30
2010.12.09 18:01:00.192,9.10436,9.10738,1.50,1.50
2010.12.09 18:01:05.850,9.10436,9.10761,1.50,2.30
2010.12.09 18:01:06.069,9.10444,9.10761,1.50,2.30
2010.12.09 18:01:09.219,9.10507,9.10761,2.30,2.30
2010.12.09 18:01:09.816,9.10518,9.10844,3.20,1.50
2010.12.09 18:01:12.609,9.10538,9.10844,2.50,1.50
2010.12.09 18:01:12.829,9.10567,9.10904,2.20,1.50
2010.12.09 18:01:13.417,9.10598,9.1093,2.50,1.50
2010.12.09 18:01:15.187,9.1066,9.10945,1.50,1.50
2010.12.09 18:01:15.330,9.10686,9.11021,1.50,1.50
2010.12.09 18:01:15.758,9.10686,9.11021,1.50,1.50
2010.12.09 18:01:18.456,9.10693,9.11002,1.50,2.30
2010.12.09 18:01:21.021,9.10667,9.10996,1.30,1.70
2010.12.09 18:01:21.697,9.10661,9.10983,1.30,2.30
2010.12.09 18:01:25.202,9.10661,9.10983,1.30,2.40
2010.12.09 18:01:26.356,9.10507,9.10842,2.30,1.70
2010.12.09 18:01:26.476,9.10452,9.10842,1.50,1.70
2010.12.09 18:01:29.318,9.10472,9.10788,1.50,1.30
2010.12.09 18:01:31.478,9.10472,9.10783,1.50,1.20
2010.12.09 18:02:25.967,9.10468,9.10797,2.00,4.50
2010.12.09 18:02:31.427,9.10468,9.10797,2.00,1.50
2010.12.09 18:02:33.963,9.10446,9.10745,1.30,1.50
2010.12.09 18:02:34.083,9.10414,9.10745,1.40,1.50
2010.12.09 18:02:34.770,9.10414,9.10743,1.40,1.50
2010.12.09 18:02:35.843,9.10414,9.10739,1.40,1.50
2010.12.09 18:02:55.984,9.10414,9.10745,1.40,1.50
2010.12.09 18:02:57.735,9.10414,9.10744,1.40,1.50
2010.12.09 18:03:02.181,9.10414,9.10743,1.40,1.50
2010.12.09 18:03:03.829,9.10414,9.1074,1.40,1.50
2010.12.09 18:03:18.412,9.10414,9.10747,1.40,1.50
2010.12.09 18:03:22.311,9.10414,9.10739,1.40,1.50
2010.12.09 18:03:27.009,9.10414,9.10738,1.40,1.50
2010.12.09 18:03:27.229,9.104,9.10763,1.50,1.20
2010.12.09 18:03:27.451,9.10458,9.10753,2.30,2.30
2010.12.09 18:03:28.022,9.10478,9.10753,2.30,1.50
2010.12.09 18:03:28.171,9.10398,9.10753,1.40,1.50
2010.12.09 18:03:28.894,9.10438,9.10773,1.40,2.50
2010.12.09 18:03:29.698,9.10405,9.10633,1.50,1.50
2010.12.09 18:03:30.481,9.10349,9.10613,1.50,1.50
2010.12.09 18:03:36.103,9.10349,9.10613,1.50,1.50
2010.12.09 18:03:37.914,9.10437,9.10659,3.20,4.50
2010.12.09 18:03:38.030,9.10437,9.10659,3.20,1.50
2010.12.09 18:03:38.833,9.10437,9.10753,3.20,2.30
2010.12.09 18:03:47.686,9.10457,9.10754,3.20,2.30
2010.12.09 18:04:32.905,9.10457,9.10759,3.20,2.30
2010.12.09 18:04:39.981,9.10422,9.10746,1.10,1.70
2010.12.09 18:04:40.110,9.10348,9.10632,6.00,3.80
2010.12.09 18:04:41.362,9.10348,9.10632,6.00,3.80
2010.12.09 18:04:42.524,9.10438,9.10632,3.20,1.50
2010.12.09 18:04:42.643,9.10438,9.10744,3.20,2.60
2010.12.09 18:04:43.364,9.10438,9.10762,3.20,4.50
2010.12.09 18:04:46.284,9.10458,9.10717,2.30,1.50
2010.12.09 18:04:46.401,9.10395,9.10683,1.50,2.30
2010.12.09 18:04:46.952,9.10381,9.10683,1.50,2.30
2010.12.09 18:04:48.231,9.10381,9.10683,1.50,2.30
2010.12.09 18:05:23.986,9.10458,9.10694,3.20,1.50
2010.12.09 18:05:24.102,9.10433,9.10642,2.80,6.10
2010.12.09 18:05:24.220,9.10363,9.10632,1.50,1.50
2010.12.09 18:05:24.738,9.1036,9.10632,1.50,1.50
2010.12.09 18:05:32.444,9.1036,9.10632,1.50,3.80
2010.12.09 18:05:33.606,9.1036,9.10632,1.50,3.80
2010.12.09 18:05:38.308,9.1036,9.10632,1.50,3.80
2010.12.09 18:05:39.002,9.1036,9.10632,1.50,3.80
2010.12.09 18:05:45.315,9.1036,9.10632,1.50,3.80
2010.12.09 18:05:54.573,9.1036,9.10632,1.50,3.80
2010.12.09 18:06:02.843,9.1036,9.10632,1.50,3.80
2010.12.09 18:06:05.934,9.1036,9.10632,1.50,3.80
2010.12.09 18:06:10.870,9.1036,9.10632,1.50,3.80
2010.12.09 18:06:22.392,9.1034,9.10632,1.50,3.80
2010.12.09 18:06:22.513,9.10437,9.10778,3.20,2.30
2010.12.09 18:06:38.191,9.10327,9.10653,6.00,3.80
2010.12.09 18:06:41.103,9.10352,9.10622,1.50,3.00
2010.12.09 18:06:43.503,9.10427,9.10748,3.20,2.30
2010.12.09 18:07:21.966,9.10447,9.10713,3.20,1.50
2010.12.09 18:07:30.230,9.10447,9.10714,3.20,1.50
2010.12.09 18:07:31.392,9.10447,9.10713,3.20,1.50
2010.12.09 18:07:33.049,9.10447,9.10714,3.20,1.50
2010.12.09 18:07:34.003,9.10447,9.10713,3.20,1.50
2010.12.09 18:07:41.829,9.10447,9.10728,3.20,2.30
2010.12.09 18:07:43.669,9.10409,9.10728,1.80,2.30
2010.12.09 18:07:47.607,9.10384,9.10728,1.30,2.30
2010.12.09 18:08:06.375,9.10382,9.10677,1.50,1.50
2010.12.09 18:08:07.934,9.10382,9.10678,1.50,1.50
2010.12.09 18:08:12.168,9.10382,9.10682,1.50,2.30
2010.12.09 18:08:28.806,9.10406,9.10682,1.50,2.30
2010.12.09 18:08:29.368,9.10457,9.10726,2.50,1.50
2010.12.09 18:08:38.895,9.10457,9.10726,3.20,1.50
2010.12.09 18:08:39.121,9.10457,9.10742,3.20,1.50
2010.12.09 18:09:21.759,9.10457,9.10727,3.20,1.50
2010.12.09 18:09:22.402,9.10457,9.10728,3.20,1.50
2010.12.09 18:09:32.854,9.10441,9.1073,1.50,1.50
2010.12.09 18:09:39.019,9.10416,9.1073,1.30,1.50
2010.12.09 18:09:41.619,9.10416,9.10745,1.30,1.50
2010.12.09 18:10:00.110,9.10416,9.10742,1.30,1.50
2010.12.09 18:10:07.168,9.10416,9.10741,1.30,1.50
2010.12.09 18:10:18.829,9.10415,9.10741,1.30,1.50
2010.12.09 18:10:20.922,9.10547,9.10862,2.30,3.80
2010.12.09 18:10:21.044,9.10547,9.10862,2.30,3.00
2010.12.09 18:10:21.164,9.10708,9.10906,2.50,1.50
2010.12.09 18:10:21.282,9.10708,9.10952,2.50,2.30
2010.12.09 18:10:21.403,9.10677,9.10952,3.20,1.50
2010.12.09 18:10:21.524,9.10677,9.10969,2.50,2.30
2010.12.09 18:10:21.751,9.10677,9.10951,2.50,1.50
2010.12.09 18:10:22.348,9.10697,9.10969,2.50,2.30
2010.12.09 18:10:24.482,9.10697,9.10878,2.30,1.50
2010.12.09 18:10:24.607,9.10626,9.10878,1.50,1.50
2010.12.09 18:10:27.477,9.10748,9.11047,2.30,1.50
2010.12.09 18:10:31.161,9.10748,9.11027,3.20,1.50
2010.12.09 18:10:32.012,9.10748,9.11026,3.20,1.50
2010.12.09 18:10:37.049,9.10748,9.11027,3.20,1.50
2010.12.09 18:10:41.590,9.10748,9.11046,3.20,2.30
2010.12.09 18:10:45.210,9.10748,9.11035,3.20,1.50
2010.12.09 18:10:46.924,9.10757,9.11026,3.20,1.50
2010.12.09 18:10:47.483,9.10758,9.11047,3.20,1.50
2010.12.09 18:10:52.149,9.10758,9.10879,3.00,1.50
2010.12.09 18:10:52.373,9.10715,9.10879,1.30,1.50
2010.12.09 18:10:58.513,9.10731,9.10859,1.50,1.50
2010.12.09 18:10:58.634,9.10798,9.11141,2.30,2.30
2010.12.09 18:10:58.756,9.10898,9.11162,3.20,2.80
2010.12.09 18:10:59.381,9.10887,9.11236,3.20,1.50
2010.12.09 18:11:00.921,9.10857,9.11028,1.30,1.50
2010.12.09 18:11:03.676,9.10987,9.11373,3.20,3.00
2010.12.09 18:11:06.172,9.11027,9.11261,2.30,1.50
2010.12.09 18:11:06.291,9.10981,9.11203,1.30,2.30
2010.12.09 18:11:06.400,9.10923,9.11203,1.50,2.30
2010.12.09 18:11:07.091,9.10898,9.11203,1.50,2.30
2010.12.09 18:11:10.999,9.10898,9.11203,1.30,2.30
2010.12.09 18:11:11.826,9.10898,9.11183,1.30,2.30
2010.12.09 18:12:01.450,9.10898,9.11183,1.30,2.30
2010.12.09 18:12:11.740,9.10898,9.11256,1.30,1.50
2010.12.09 18:15:08.957,9.10928,9.11232,2.30,3.00
2010.12.09 18:15:37.346,9.10947,9.11243,2.30,1.50
2010.12.09 18:15:37.463,9.10947,9.11253,2.30,3.00
2010.12.09 18:15:37.691,9.10947,9.11243,2.30,1.50
2010.12.09 18:15:43.231,9.10947,9.11244,2.30,1.50
2010.12.09 18:15:47.471,9.10947,9.11244,2.30,1.70
2010.12.09 18:15:48.035,9.10909,9.11097,1.30,1.50
2010.12.09 18:15:48.373,9.10747,9.11093,2.80,2.30
2010.12.09 18:16:03.791,9.10767,9.11073,2.80,2.30
2010.12.09 18:16:04.263,9.10787,9.11093,2.30,3.20
2010.12.09 18:16:06.205,9.10787,9.11093,2.50,3.20
2010.12.09 18:16:17.994,9.10887,9.11107,2.50,2.60
2010.12.09 18:16:18.223,9.10887,9.11111,2.30,1.80
2010.12.09 18:16:18.343,9.10827,9.11111,3.00,1.50
2010.12.09 18:16:18.474,9.10818,9.11072,3.00,1.50
2010.12.09 18:16:19.173,9.10818,9.11072,2.30,1.50
2010.12.09 18:16:20.942,9.10818,9.11051,2.30,1.70
2010.12.09 18:16:21.052,9.10776,9.11043,1.30,2.50
2010.12.09 18:16:21.162,9.10776,9.11043,1.30,2.50
2010.12.09 18:16:22.307,9.10776,9.11043,1.30,2.30
2010.12.09 18:16:23.291,9.10776,9.10972,1.30,2.30
2010.12.09 18:17:23.516,9.10777,9.11051,1.30,1.50
2010.12.09 18:17:28.682,9.10777,9.11072,1.30,1.50
2010.12.09 18:17:38.800,9.10777,9.11069,1.30,1.50
2010.12.09 18:17:52.188,9.10777,9.11067,1.30,1.50
2010.12.09 18:18:24.942,9.10776,9.11059,1.30,1.50
2010.12.09 18:18:25.601,9.10767,9.11002,1.30,2.30
2010.12.09 18:18:30.372,9.10757,9.10982,1.30,2.30
2010.12.09 18:18:31.362,9.10757,9.10973,1.30,2.30
2010.12.09 18:19:25.573,9.10757,9.10973,1.30,2.30
2010.12.09 18:19:31.390,9.10757,9.11069,1.30,1.50
2010.12.09 18:19:41.129,9.10757,9.11058,1.30,1.50
2010.12.09 18:19:49.628,9.10757,9.1106,1.30,1.50
2010.12.09 18:19:51.439,9.10757,9.11061,1.30,1.50
2010.12.09 18:20:03.949,9.10757,9.11061,1.30,1.50
2010.12.09 18:20:09.130,9.10757,9.11062,1.30,1.50
2010.12.09 18:20:39.074,9.10757,9.11061,1.30,1.50
2010.12.09 18:20:49.826,9.10757,9.11063,1.30,1.50
2010.12.09 18:20:54.185,9.10757,9.11069,1.30,1.50
2010.12.09 18:20:56.971,9.10757,9.1106,1.30,1.50
2010.12.09 18:21:00.810,9.10757,9.11061,1.30,1.50
2010.12.09 18:21:15.481,9.1075,9.11002,1.30,2.30
2010.12.09 18:21:48.562,9.10742,9.10992,1.30,2.30
2010.12.09 18:21:51.794,9.10818,9.11018,2.30,2.30
2010.12.09 18:21:51.920,9.10818,9.11098,2.30,2.30
2010.12.09 18:21:52.143,9.10818,9.11098,2.30,1.50
2010.12.09 18:21:57.865,9.10818,9.11063,2.30,1.50
2010.12.09 18:21:58.313,9.10769,9.11017,1.30,2.30
2010.12.09 18:22:02.763,9.10761,9.11017,1.30,2.30
2010.12.09 18:22:02.897,9.10761,9.11023,1.30,2.30
2010.12.09 18:22:11.912,9.10761,9.11023,1.30,2.30
2010.12.09 18:22:12.060,9.10817,9.11087,2.30,1.50
2010.12.09 18:22:41.553,9.10817,9.11086,2.30,1.50
2010.12.09 18:23:11.961,9.10783,9.11086,1.30,1.50
2010.12.09 18:23:41.354,9.10783,9.11087,1.30,1.50
2010.12.09 18:24:07.341,9.10784,9.11089,1.30,1.50
2010.12.09 18:24:33.965,9.10784,9.11091,1.30,1.50
2010.12.09 18:24:42.052,9.10784,9.1109,1.30,1.50
2010.12.09 18:24:56.738,9.10783,9.11088,1.30,1.50
2010.12.09 18:25:59.094,9.10867,9.11143,2.30,1.50
2010.12.09 18:25:59.214,9.10867,9.11147,2.30,1.50
2010.12.09 18:26:21.433,9.10867,9.11006,2.30,1.50
2010.12.09 18:26:21.543,9.10772,9.11002,1.50,2.50
2010.12.09 18:26:21.653,9.10725,9.11002,2.00,2.50
2010.12.09 18:26:21.765,9.1074,9.11002,1.50,2.30
2010.12.09 18:26:22.367,9.10817,9.11135,2.30,2.30
2010.12.09 18:26:23.791,9.10808,9.11112,2.30,3.00
2010.12.09 18:26:25.053,9.10808,9.1106,2.30,1.50
2010.12.09 18:26:34.221,9.10764,9.11033,1.30,2.30
2010.12.09 18:26:35.503,9.10736,9.11033,1.30,2.30
2010.12.09 18:26:35.613,9.10737,9.11043,2.80,2.30
2010.12.09 18:26:47.683,9.10737,9.11043,2.80,2.30
2010.12.09 18:26:47.793,9.10728,9.11003,1.30,2.30
2010.12.09 18:26:51.033,9.10728,9.10972,1.30,2.30
2010.12.09 18:27:07.222,9.10723,9.10972,1.30,2.30
2010.12.09 18:27:07.332,9.10723,9.10992,1.30,2.30
2010.12.09 18:27:20.722,9.10868,9.11018,2.30,2.30
2010.12.09 18:27:20.832,9.10868,9.11082,2.30,1.50
2010.12.09 18:27:20.944,9.10868,9.1121,2.30,1.50
2010.12.09 18:27:30.381,9.10888,9.1119,2.50,1.70
2010.12.09 18:28:00.341,9.10888,9.1119,3.20,1.50
2010.12.09 18:28:01.018,9.10937,9.11228,2.50,1.50
2010.12.09 18:28:01.147,9.11148,9.11302,2.30,1.70
2010.12.09 18:28:01.702,9.11148,9.11434,2.30,1.50
2010.12.09 18:28:02.660,9.11228,9.11434,2.30,1.50
2010.12.09 18:28:07.304,9.11327,9.1166,2.30,1.50
2010.12.09 18:28:10.152,9.11407,9.11631,2.30,1.50
2010.12.09 18:28:10.264,9.11407,9.11631,2.30,1.50
2010.12.09 18:28:12.643,9.11427,9.11638,2.30,1.50
2010.12.09 18:28:24.713,9.11427,9.11638,2.30,1.50
2010.12.09 18:28:25.194,9.11427,9.11638,2.30,1.50
2010.12.09 18:28:26.525,9.11403,9.11649,2.30,2.30
2010.12.09 18:28:26.633,9.11398,9.11649,2.30,2.30
2010.12.09 18:28:29.006,9.11377,9.11649,2.30,2.30
2010.12.09 18:28:49.613,9.11298,9.11569,2.80,1.50
2010.12.09 18:28:52.715,9.11298,9.11597,2.80,1.50
2010.12.09 18:28:52.836,9.11317,9.11597,2.30,1.50
2010.12.09 18:28:59.012,9.11317,9.11617,2.30,2.50
2010.12.09 18:28:59.128,9.1116,9.11453,1.30,3.00
2010.12.09 18:28:59.854,9.1116,9.11452,1.30,1.50
2010.12.09 18:29:01.404,9.1118,9.11391,1.30,1.50
2010.12.09 18:29:01.736,9.11049,9.11352,1.30,2.50
2010.12.09 18:29:04.147,9.11166,9.11352,1.70,2.30
2010.12.09 18:29:04.279,9.11168,9.11512,2.80,2.30
2010.12.09 18:29:05.597,9.11267,9.11517,2.30,2.30
2010.12.09 18:29:06.157,9.11267,9.11545,2.30,1.50
2010.12.09 18:29:12.604,9.11267,9.11475,2.30,1.50
2010.12.09 18:29:12.743,9.11178,9.11475,3.20,1.50
2010.12.09 18:29:18.545,9.11191,9.11482,1.50,2.30
2010.12.09 18:29:18.664,9.11158,9.11482,2.80,2.30
2010.12.09 18:29:18.886,9.11218,9.11539,2.30,2.30
2010.12.09 18:29:19.803,9.11238,9.11539,2.50,2.30
2010.12.09 18:29:26.372,9.11212,9.11503,3.00,2.30
2010.12.09 18:29:26.486,9.11197,9.11503,3.00,2.30
2010.12.09 18:29:26.604,9.11197,9.11501,3.00,1.50
2010.12.09 18:29:28.804,9.11235,9.11525,1.50,1.50
2010.12.09 18:29:39.815,9.11181,9.1148,1.50,1.50
2010.12.09 18:29:41.656,9.11181,9.1148,1.50,1.50
2010.12.09 18:29:56.923,9.11182,9.11482,3.20,2.30
2010.12.09 18:29:57.034,9.11208,9.11489,2.50,1.50
2010.12.09 18:29:57.763,9.11208,9.11489,3.20,1.50
2010.12.09 18:29:58.593,9.11208,9.1148,3.20,1.50
2010.12.09 18:29:58.817,9.11208,9.1148,2.50,1.50
2010.12.09 18:30:11.577,9.11178,9.11475,3.20,1.50
2010.12.09 18:30:16.110,9.11178,9.11482,3.20,2.30
2010.12.09 18:30:16.239,9.11228,9.11503,2.50,1.50
2010.12.09 18:30:25.412,9.11228,9.11503,3.20,1.50
2010.12.09 18:30:54.215,9.11228,9.1151,3.20,1.50
2010.12.09 18:31:14.485,9.11228,9.11505,3.20,1.50
2010.12.09 18:31:25.463,9.11193,9.11505,1.30,1.50
2010.12.09 18:32:05.910,9.11194,9.11505,1.50,1.50
2010.12.09 18:32:30.361,9.11194,9.11504,1.50,1.50
2010.12.09 18:32:31.021,9.11194,9.11505,1.50,1.50
2010.12.09 18:32:57.921,9.11194,9.11509,1.30,1.50
2010.12.09 18:32:58.783,9.11194,9.1151,1.30,1.50
2010.12.09 18:33:00.013,9.11194,9.11509,1.30,1.50
2010.12.09 18:33:00.837,9.11194,9.1151,1.30,1.50
2010.12.09 18:33:04.061,9.11194,9.11509,1.30,1.50
2010.12.09 18:33:05.559,9.11194,9.11509,1.30,1.50
2010.12.09 18:33:06.311,9.11194,9.1151,1.30,1.50
2010.12.09 18:33:07.021,9.11194,9.11509,1.30,1.50
2010.12.09 18:33:07.660,9.11194,9.1151,1.30,1.50
2010.12.09 18:33:41.346,9.11194,9.11509,1.30,1.50
2010.12.09 18:33:55.981,9.11194,9.11509,1.30,1.50
2010.12.09 18:34:37.041,9.11194,9.11508,1.30,1.50
2010.12.09 18:34:38.741,9.11194,9.1151,1.30,1.50
2010.12.09 18:34:51.183,9.11193,9.1151,1.30,1.50
2010.12.09 18:35:06.651,9.11193,9.11511,1.30,1.50
2010.12.09 18:35:30.390,9.11193,9.11516,1.30,1.50
2010.12.09 18:35:30.503,9.11193,9.1149,1.30,1.70
2010.12.09 18:35:30.613,9.11135,9.1149,1.30,2.50
2010.12.09 18:35:30.725,9.11158,9.11462,2.80,2.30
2010.12.09 18:35:41.967,9.11158,9.11462,3.00,2.30
2010.12.09 18:36:30.642,9.11135,9.11488,1.50,3.00
2010.12.09 18:36:37.244,9.11135,9.11489,1.30,2.30
2010.12.09 18:38:15.740,9.11135,9.11489,1.30,2.30
2010.12.09 18:39:05.008,9.11135,9.11493,1.50,2.30
2010.12.09 18:39:10.878,9.11135,9.11493,1.50,2.30
2010.12.09 18:40:05.370,9.11135,9.11479,1.30,2.30
2010.12.09 18:40:05.484,9.11147,9.11453,2.80,2.30
2010.12.09 18:41:00.306,9.11147,9.11453,2.80,2.30
2010.12.09 18:41:05.663,9.11123,9.11479,1.30,2.30
2010.12.09 18:43:45.110,9.11123,9.11475,1.30,2.30
2010.12.09 18:44:09.751,9.11123,9.11474,1.50,2.30
2010.12.09 18:44:40.331,9.11123,9.11474,1.50,2.30
2010.12.09 18:45:01.713,9.11123,9.11474,1.30,2.30
2010.12.09 18:45:01.824,9.11211,9.11462,1.50,3.00
2010.12.09 18:45:04.556,9.11214,9.11462,1.50,3.00
2010.12.09 18:45:06.108,9.11218,9.11463,1.50,3.00
2010.12.09 18:45:06.559,9.11221,9.11463,1.70,3.00
2010.12.09 18:45:06.784,9.11221,9.11499,1.70,1.50
2010.12.09 18:45:06.893,9.11221,9.11499,1.50,1.50
2010.12.09 18:45:08.264,9.11252,9.11499,2.30,1.50
2010.12.09 18:45:11.873,9.11358,9.11499,2.30,1.50
2010.12.09 18:45:12.094,9.11358,9.11952,2.50,1.50
2010.12.09 18:45:12.204,9.11527,9.11952,3.00,1.50
2010.12.09 18:45:12.886,9.11527,9.11952,4.00,1.50
2010.12.09 18:45:17.232,9.11727,9.12057,2.50,1.50
2010.12.09 18:45:17.347,9.11745,9.12057,1.50,1.50
2010.12.09 18:45:17.580,9.11868,9.12117,2.30,1.50
2010.12.09 18:45:17.695,9.11868,9.12212,2.30,2.30
2010.12.09 18:45:18.282,9.11963,9.12192,2.50,2.30
2010.12.09 18:45:18.398,9.11987,9.12333,2.50,2.30
2010.12.09 18:45:18.516,9.12098,9.12442,2.30,2.30
2010.12.09 18:45:23.045,9.12207,9.12464,2.30,1.50
2010.12.09 18:45:24.976,9.12227,9.12446,2.30,1.50
2010.12.09 18:45:27.742,9.12202,9.12414,2.30,1.50
2010.12.09 18:45:27.857,9.12148,9.12414,2.30,2.30
2010.12.09 18:45:28.421,9.12123,9.12383,2.30,2.30
2010.12.09 18:45:28.550,9.12067,9.12373,2.30,2.30
2010.12.09 18:45:31.057,9.12067,9.12334,2.30,1.50
2010.12.09 18:45:32.176,9.12068,9.12166,2.30,1.50
2010.12.09 18:45:32.300,9.11858,9.12166,2.30,1.50
2010.12.09 18:45:33.949,9.11878,9.1215,2.30,1.50
2010.12.09 18:45:34.065,9.11878,9.12155,2.30,1.50
2010.12.09 18:45:34.185,9.11868,9.12155,2.80,1.50
2010.12.09 18:45:35.671,9.11868,9.1215,2.80,1.50
2010.12.09 18:45:37.108,9.11867,9.12147,2.30,1.50
2010.12.09 18:45:38.866,9.11867,9.12152,2.30,1.50
2010.12.09 18:45:39.815,9.1184,9.1201,1.30,1.50
2010.12.09 18:45:40.145,9.11772,9.11943,1.30,1.50
2010.12.09 18:45:40.367,9.11731,9.11943,1.30,1.70
2010.12.09 18:45:40.936,9.11731,9.11893,1.30,1.70
2010.12.09 18:45:41.164,9.11556,9.11843,1.30,2.50
2010.12.09 18:45:42.704,9.11548,9.11852,3.00,3.20
2010.12.09 18:45:44.863,9.11566,9.11852,1.50,2.30
2010.12.09 18:45:45.196,9.11628,9.11903,3.80,2.50
2010.12.09 18:45:45.425,9.11548,9.11852,3.00,2.50
2010.12.09 18:45:48.904,9.11497,9.11803,3.00,4.00
2010.12.09 18:45:49.344,9.11518,9.11803,1.50,3.00
2010.12.09 18:45:49.679,9.11548,9.11846,2.50,1.10
2010.12.09 18:45:52.653,9.11584,9.11842,1.50,6.50
2010.12.09 18:45:52.876,9.11598,9.11876,2.50,1.70
2010.12.09 18:45:52.997,9.11598,9.11893,2.50,1.80
2010.12.09 18:45:53.788,9.11558,9.11902,4.00,6.60
2010.12.09 18:45:53.908,9.11737,9.11936,3.20,1.50
2010.12.09 18:45:54.025,9.11737,9.11961,3.20,1.50
2010.12.09 18:45:58.255,9.11798,9.11961,2.30,1.50
2010.12.09 18:45:58.365,9.11798,9.11988,2.30,1.50
2010.12.09 18:45:58.474,9.11678,9.12002,2.30,3.00
2010.12.09 18:45:59.525,9.11654,9.11953,1.40,2.30
2010.12.09 18:45:59.638,9.11649,9.11953,1.30,2.30
2010.12.09 18:46:03.011,9.11599,9.11902,2.00,2.30
2010.12.09 18:46:05.149,9.11598,9.11902,2.80,2.50
2010.12.09 18:46:06.839,9.11598,9.11902,2.80,2.60
2010.12.09 18:46:20.069,9.11647,9.11952,2.50,1.50
2010.12.09 18:46:22.119,9.11647,9.11953,2.50,3.20
2010.12.09 18:46:22.235,9.11762,9.11953,2.50,3.00
2010.12.09 18:46:22.350,9.11768,9.12003,3.20,1.50
2010.12.09 18:46:22.466,9.11777,9.12087,1.70,1.70
2010.12.09 18:46:49.708,9.11798,9.12063,3.80,1.70
2010.12.09 18:46:50.044,9.11772,9.12003,2.50,2.30
2010.12.09 18:46:54.489,9.11711,9.12003,1.50,5.90
2010.12.09 18:46:56.532,9.11697,9.12003,3.00,3.20
2010.12.09 18:46:56.648,9.11658,9.11952,2.50,2.30
2010.12.09 18:47:01.547,9.11658,9.11952,2.50,2.40
2010.12.09 18:47:56.826,9.11657,9.11961,1.50,2.40
2010.12.09 18:48:01.514,9.11657,9.11986,1.50,1.50
2010.12.09 18:48:07.292,9.11658,9.11986,1.50,1.50
2010.12.09 18:48:37.201,9.11657,9.11986,1.50,1.50
2010.12.09 18:48:46.455,9.11657,9.11986,1.50,1.50
2010.12.09 18:49:18.002,9.11658,9.11986,1.50,1.50
2010.12.09 18:49:27.701,9.11659,9.11986,1.50,1.50
2010.12.09 18:49:41.441,9.11659,9.11986,1.50,1.50
2010.12.09 18:49:57.723,9.11658,9.11986,1.50,1.50
2010.12.09 18:50:06.832,9.11643,9.11986,2.00,1.50
2010.12.09 18:50:36.681,9.11643,9.11986,2.00,1.50
2010.12.09 18:50:51.582,9.11657,9.11987,1.50,1.50
2010.12.09 18:50:53.674,9.11656,9.11987,1.50,1.50
2010.12.09 18:51:11.338,9.1164,9.11987,2.00,1.50
2010.12.09 18:51:31.420,9.1164,9.11987,2.00,1.50
2010.12.09 18:51:51.371,9.11656,9.11986,1.50,1.50
2010.12.09 18:52:11.492,9.11641,9.11986,2.00,1.50
2010.12.09 18:52:26.508,9.11641,9.11986,2.00,1.50
2010.12.09 18:52:44.406,9.11628,9.11902,1.70,2.30
2010.12.09 18:52:45.960,9.11617,9.11902,1.50,3.00
2010.12.09 18:52:46.675,9.11656,9.11942,2.50,4.30
2010.12.09 18:52:46.788,9.11657,9.11902,1.70,3.80
2010.12.09 18:52:49.712,9.11598,9.11902,3.70,4.00
2010.12.09 18:52:49.826,9.11596,9.11852,1.70,2.30
2010.12.09 18:52:50.376,9.11598,9.11902,3.20,6.60
2010.12.09 18:53:45.626,9.11598,9.11902,3.20,6.80
2010.12.09 18:53:50.047,9.11598,9.11902,2.30,6.80
2010.12.09 18:53:50.397,9.11556,9.11902,2.10,1.20
2010.12.09 18:54:11.462,9.1157,9.11904,1.50,1.50
2010.12.09 18:54:21.015,9.11575,9.11904,1.50,1.50
2010.12.09 18:54:21.134,9.11669,9.1191,2.50,1.50
2010.12.09 18:54:22.581,9.11669,9.1191,1.70,1.50
2010.12.09 18:54:49.039,9.11643,9.11912,1.50,3.80
2010.12.09 18:54:59.447,9.1163,9.11912,1.70,8.70
2010.12.09 18:55:06.593,9.11643,9.11912,1.50,8.70
2010.12.09 18:55:36.916,9.11633,9.11912,1.70,8.70
2010.12.09 18:55:42.383,9.11636,9.11912,1.50,8.70
2010.12.09 18:56:06.755,9.11645,9.11913,1.50,1.50
2010.12.09 18:56:36.922,9.11635,9.11913,1.50,1.50
2010.12.09 18:56:51.456,9.11635,9.11912,2.50,1.50
2010.12.09 18:57:51.543,9.11643,9.11912,1.50,1.50
2010.12.09 18:58:06.742,9.11644,9.11912,1.50,1.50
2010.12.09 18:58:21.285,9.11643,9.11912,1.50,1.50
2010.12.09 18:58:28.892,9.11643,9.11913,1.50,1.50
2010.12.09 18:58:39.292,9.11635,9.11913,1.50,1.50
2010.12.09 18:58:54.665,9.11634,9.11913,1.50,1.50
2010.12.09 18:59:04.474,9.11632,9.11913,1.50,1.50
2010.12.09 18:59:09.202,9.11642,9.11913,1.50,1.50
2010.12.09 18:59:30.149,9.11643,9.11913,1.50,1.50
2010.12.09 18:59:39.505,9.11633,9.11913,1.50,1.50
