2016.05.30 20:00:00.601,9.28166,9.286,1.00,1.75
2016.05.30 20:00:11.469,9.28166,9.28505,1.00,1.00
2016.05.30 20:00:21.339,9.28166,9.28564,1.00,1.75
2016.05.30 20:00:21.440,9.28166,9.28504,1.00,1.00
2016.05.30 20:00:31.365,9.28166,9.28514,1.00,1.00
2016.05.30 20:00:39.046,9.28166,9.28504,1.00,1.00
2016.05.30 20:00:40.285,9.28166,9.28495,1.00,1.00
2016.05.30 20:00:48.743,9.28166,9.28534,1.00,1.00
2016.05.30 20:00:48.844,9.28166,9.28504,1.00,1.00
2016.05.30 20:00:53.794,9.28166,9.28494,1.00,1.00
2016.05.30 20:00:56.677,9.28166,9.28574,1.00,1.37
2016.05.30 20:01:25.943,9.28166,9.28534,1.00,1.00
2016.05.30 20:01:26.282,9.28166,9.28534,1.00,1.07
2016.05.30 20:05:50.700,9.28166,9.28525,1.00,1.37
2016.05.30 20:06:08.410,9.28166,9.28525,1.00,1.00
2016.05.30 20:06:27.537,9.28166,9.28577,1.00,1.37
2016.05.30 20:06:45.812,9.28166,9.28577,1.00,1.37
2016.05.30 20:06:47.642,9.28176,9.28544,1.00,1.07
2016.05.30 20:07:03.650,9.28176,9.28534,1.00,1.07
2016.05.30 20:08:33.016,9.28176,9.28525,1.00,1.00
2016.05.30 20:10:07.460,9.28176,9.28525,1.00,1.37
2016.05.30 20:10:47.713,9.28175,9.28525,1.00,1.37
2016.05.30 20:11:27.756,9.28176,9.28534,1.00,1.37
2016.05.30 20:12:09.268,9.28176,9.28534,1.00,1.07
2016.05.30 20:14:07.296,9.28176,9.28534,1.00,1.37
2016.05.30 20:14:07.921,9.28175,9.28534,1.00,1.37
2016.05.30 20:14:47.723,9.28176,9.28534,1.00,1.37
2016.05.30 20:15:00.871,9.28186,9.28534,1.00,1.37
2016.05.30 20:15:01.180,9.28186,9.28564,1.00,1.37
2016.05.30 20:15:03.033,9.28186,9.28564,1.00,1.07
2016.05.30 20:15:03.084,9.28176,9.28564,1.00,1.07
2016.05.30 20:15:04.041,9.28186,9.28564,1.00,1.07
2016.05.30 20:15:06.189,9.28186,9.28555,1.00,1.00
2016.05.30 20:15:07.181,9.28186,9.28564,1.00,1.07
2016.05.30 20:15:37.608,9.28176,9.28564,1.00,1.07
2016.05.30 20:15:38.700,9.28176,9.28555,1.00,1.00
2016.05.30 20:15:39.690,9.2818,9.28555,1.00,1.00
2016.05.30 20:15:40.304,9.2818,9.28554,1.00,1.00
2016.05.30 20:15:59.611,9.28176,9.28554,1.50,1.00
2016.05.30 20:16:01.231,9.28176,9.28534,1.50,1.00
2016.05.30 20:16:01.477,9.28176,9.28554,1.50,1.00
2016.05.30 20:16:03.638,9.28166,9.28554,1.00,1.00
2016.05.30 20:16:04.322,9.28176,9.28554,1.00,1.00
2016.05.30 20:16:04.644,9.28176,9.28544,1.00,1.07
2016.05.30 20:16:08.633,9.28176,9.28524,1.00,1.00
2016.05.30 20:17:17.382,9.28176,9.28534,1.00,1.07
2016.05.30 20:17:18.384,9.28176,9.28524,1.00,1.00
2016.05.30 20:17:24.346,9.28175,9.28524,1.00,1.00
2016.05.30 20:18:00.949,9.28176,9.28524,1.00,1.00
2016.05.30 20:18:51.992,9.28176,9.28534,1.00,1.07
2016.05.30 20:18:52.879,9.28176,9.28524,1.00,1.00
2016.05.30 20:19:29.478,9.28176,9.28534,1.00,1.07
2016.05.30 20:20:34.556,9.28186,9.28534,1.00,1.07
2016.05.30 20:20:59.998,9.28186,9.28514,1.00,1.00
2016.05.30 20:21:00.109,9.28186,9.28534,1.00,1.07
2016.05.30 20:21:54.555,9.28185,9.28534,1.00,1.07
2016.05.30 20:22:34.617,9.28186,9.28534,1.00,1.07
2016.05.30 20:22:42.443,9.28176,9.28534,1.00,1.07
2016.05.30 20:25:14.139,9.28176,9.28534,1.00,1.37
2016.05.30 20:26:03.373,9.28176,9.28524,1.00,1.00
2016.05.30 20:26:27.062,9.28156,9.28524,1.00,1.00
2016.05.30 20:26:28.174,9.28156,9.28515,1.00,1.00
2016.05.30 20:28:00.920,9.28155,9.28515,1.00,1.00
2016.05.30 20:28:01.301,9.28155,9.28515,1.00,1.37
2016.05.30 20:28:35.857,9.28166,9.28515,1.00,1.37
2016.05.30 20:28:56.524,9.28166,9.28514,1.00,1.37
2016.05.30 20:29:18.325,9.28166,9.28514,1.00,1.00
2016.05.30 20:29:58.424,9.28166,9.28524,1.00,1.07
2016.05.30 20:30:47.005,9.28166,9.28524,1.00,1.07
2016.05.30 20:31:42.127,9.28166,9.28524,1.00,1.07
2016.05.30 20:31:55.859,9.28165,9.28524,1.00,1.07
2016.05.30 20:32:35.921,9.28166,9.28524,1.00,1.07
2016.05.30 20:32:36.989,9.28166,9.28524,1.00,1.07
2016.05.30 20:32:59.098,9.28166,9.28524,1.00,1.07
2016.05.30 20:33:11.302,9.28166,9.28504,1.00,1.00
2016.05.30 20:33:11.354,9.28166,9.28514,1.00,1.00
2016.05.30 20:33:18.554,9.28178,9.28514,1.00,1.00
2016.05.30 20:33:18.605,9.28178,9.28524,1.00,1.50
2016.05.30 20:33:18.656,9.28196,9.28524,1.50,1.50
2016.05.30 20:33:18.960,9.28217,9.28524,1.00,1.00
2016.05.30 20:33:19.075,9.2821,9.28524,1.00,1.00
2016.05.30 20:33:19.176,9.28206,9.28524,1.00,1.00
2016.05.30 20:33:19.789,9.28207,9.28524,1.00,1.00
2016.05.30 20:33:20.295,9.28225,9.28524,1.50,1.00
2016.05.30 20:33:20.397,9.28216,9.28524,1.50,1.00
2016.05.30 20:33:20.599,9.28206,9.28524,1.00,1.00
2016.05.30 20:33:20.957,9.28216,9.28524,1.50,1.00
2016.05.30 20:33:21.374,9.28236,9.28524,1.00,1.00
2016.05.30 20:33:21.425,9.28226,9.28524,1.00,1.00
2016.05.30 20:33:22.233,9.28226,9.28525,1.50,1.00
2016.05.30 20:33:22.738,9.28226,9.28524,1.00,1.00
2016.05.30 20:33:23.406,9.28227,9.28524,1.00,1.00
2016.05.30 20:33:23.508,9.28225,9.28524,1.50,1.00
2016.05.30 20:33:24.032,9.28226,9.28524,1.00,1.00
2016.05.30 20:33:24.688,9.28227,9.28524,1.00,1.00
2016.05.30 20:33:24.991,9.28222,9.28524,1.00,1.00
2016.05.30 20:33:25.160,9.28216,9.28524,1.00,1.00
2016.05.30 20:33:25.514,9.28209,9.28524,1.00,1.00
2016.05.30 20:33:25.616,9.28237,9.28524,1.00,1.00
2016.05.30 20:33:25.667,9.28227,9.28524,1.50,1.00
2016.05.30 20:33:25.768,9.28225,9.28524,1.00,1.00
2016.05.30 20:33:27.239,9.28225,9.28525,1.00,1.00
2016.05.30 20:33:27.747,9.28225,9.28524,1.00,1.00
2016.05.30 20:33:28.202,9.28216,9.28524,1.00,1.00
2016.05.30 20:33:28.600,9.28221,9.28524,1.00,1.00
2016.05.30 20:33:28.701,9.28217,9.28524,1.00,1.00
2016.05.30 20:33:29.191,9.28222,9.28524,1.00,1.00
2016.05.30 20:33:29.293,9.28216,9.28524,1.00,1.00
2016.05.30 20:33:29.707,9.28226,9.28524,1.00,1.00
2016.05.30 20:33:30.111,9.28221,9.28524,1.00,1.00
2016.05.30 20:33:30.213,9.28216,9.28524,1.00,1.00
2016.05.30 20:33:30.506,9.28226,9.28524,1.00,1.00
2016.05.30 20:33:30.910,9.28216,9.28524,1.00,1.00
2016.05.30 20:33:31.112,9.28236,9.28524,1.00,1.00
2016.05.30 20:33:31.214,9.28229,9.28524,1.00,1.00
2016.05.30 20:33:31.316,9.28226,9.28524,1.00,1.00
2016.05.30 20:33:33.073,9.28226,9.28525,1.00,1.00
2016.05.30 20:33:33.578,9.28226,9.28524,1.00,1.00
2016.05.30 20:33:33.679,9.28216,9.28524,1.00,1.00
2016.05.30 20:33:34.827,9.28227,9.28524,1.00,1.00
2016.05.30 20:33:35.578,9.28227,9.28525,1.00,1.00
2016.05.30 20:33:36.080,9.28227,9.28524,1.00,1.00
2016.05.30 20:33:36.992,9.28236,9.28524,1.00,1.00
2016.05.30 20:33:37.094,9.28216,9.28524,1.00,1.00
2016.05.30 20:33:37.202,9.28236,9.28524,1.00,1.00
2016.05.30 20:33:37.303,9.28216,9.28525,1.50,1.00
2016.05.30 20:33:37.505,9.28228,9.28524,1.00,1.00
2016.05.30 20:33:37.607,9.28217,9.28524,1.00,1.00
2016.05.30 20:33:37.708,9.28228,9.28524,1.00,1.00
2016.05.30 20:33:37.809,9.28217,9.28524,1.00,1.00
2016.05.30 20:33:37.911,9.28237,9.28524,1.00,1.00
2016.05.30 20:33:38.012,9.28216,9.28525,1.50,1.00
2016.05.30 20:33:38.113,9.28236,9.28524,1.00,1.00
2016.05.30 20:33:38.214,9.28216,9.28524,1.50,1.00
2016.05.30 20:33:38.488,9.28236,9.28524,1.00,1.00
2016.05.30 20:33:38.589,9.28227,9.28524,1.00,1.00
2016.05.30 20:33:38.691,9.28216,9.28524,1.50,1.00
2016.05.30 20:33:38.792,9.28228,9.28524,1.00,1.00
2016.05.30 20:33:38.893,9.28216,9.28524,1.50,1.00
2016.05.30 20:33:38.995,9.28236,9.28524,1.00,1.00
2016.05.30 20:33:39.097,9.28216,9.28524,1.50,1.00
2016.05.30 20:33:39.198,9.28226,9.28524,1.50,1.00
2016.05.30 20:33:39.299,9.28216,9.28524,1.50,1.00
2016.05.30 20:33:39.405,9.28226,9.28524,1.50,1.00
2016.05.30 20:33:39.506,9.28216,9.28524,1.50,1.00
2016.05.30 20:33:39.607,9.28226,9.28524,1.00,1.00
2016.05.30 20:33:39.709,9.28207,9.28524,1.50,1.00
2016.05.30 20:33:39.911,9.28196,9.28524,1.50,1.00
2016.05.30 20:33:40.013,9.28199,9.28524,1.00,1.00
2016.05.30 20:33:40.316,9.28207,9.28524,1.50,1.00
2016.05.30 20:33:40.642,9.28216,9.28524,1.50,1.00
2016.05.30 20:33:40.693,9.28197,9.28524,1.50,1.00
2016.05.30 20:33:40.898,9.28226,9.28524,1.00,1.00
2016.05.30 20:33:41.000,9.28207,9.28524,1.50,1.00
2016.05.30 20:33:41.202,9.28222,9.28524,1.00,1.00
2016.05.30 20:33:41.303,9.28206,9.28524,1.50,1.00
2016.05.30 20:33:41.404,9.28217,9.28524,1.50,1.00
2016.05.30 20:33:41.707,9.28226,9.28524,1.00,1.00
2016.05.30 20:33:41.808,9.28206,9.28524,1.50,1.00
2016.05.30 20:33:41.910,9.28226,9.28524,1.00,1.00
2016.05.30 20:33:42.011,9.282,9.28524,1.00,1.00
2016.05.30 20:34:00.122,9.28196,9.28524,1.00,1.00
2016.05.30 20:34:39.016,9.28197,9.28524,1.00,1.00
2016.05.30 20:34:41.922,9.28196,9.28514,1.00,1.00
2016.05.30 20:34:52.291,9.28195,9.28514,1.00,1.00
2016.05.30 20:37:28.611,9.28176,9.28514,1.00,1.00
2016.05.30 20:37:28.712,9.28166,9.28514,1.00,1.00
2016.05.30 20:39:41.923,9.28166,9.28574,1.50,1.37
2016.05.30 20:40:03.408,9.28166,9.28575,1.00,1.07
2016.05.30 20:40:35.993,9.28166,9.28575,1.00,1.07
2016.05.30 20:41:58.679,9.28166,9.28574,1.00,1.75
2016.05.30 20:42:59.899,9.28166,9.28524,1.00,1.00
2016.05.30 20:43:00.903,9.28166,9.28514,1.00,1.00
2016.05.30 20:44:27.885,9.28165,9.28514,1.00,1.00
2016.05.30 20:45:07.901,9.28166,9.28514,1.00,1.00
2016.05.30 20:45:47.955,9.28165,9.28514,1.00,1.00
2016.05.30 20:46:27.904,9.28166,9.28514,1.00,1.00
2016.05.30 20:46:48.430,9.28166,9.28524,1.00,1.00
2016.05.30 20:49:27.351,9.28165,9.28524,1.00,1.00
2016.05.30 20:50:07.305,9.28166,9.28524,1.00,1.00
2016.05.30 20:51:27.401,9.28165,9.28524,1.00,1.00
2016.05.30 20:51:48.388,9.28165,9.28577,1.00,1.00
2016.05.30 20:52:07.427,9.28166,9.28577,1.00,1.00
2016.05.30 20:53:15.198,9.28166,9.28644,1.00,1.00
2016.05.30 20:53:42.039,9.28166,9.28574,1.00,1.00
2016.05.30 20:53:42.259,9.28166,9.28604,1.00,1.00
2016.05.30 20:53:42.411,9.28166,9.28595,1.00,1.00
2016.05.30 20:53:42.603,9.28166,9.28604,1.00,1.00
2016.05.30 20:53:47.384,9.28054,9.28604,1.00,1.00
2016.05.30 20:53:53.822,9.28166,9.28604,1.00,1.00
2016.05.30 20:54:01.291,9.28166,9.28534,1.00,1.00
2016.05.30 20:54:01.399,9.28166,9.28564,1.00,1.00
2016.05.30 20:54:01.613,9.28166,9.28614,1.00,1.50
2016.05.30 20:54:31.124,9.28166,9.28577,1.00,1.00
2016.05.30 20:55:31.220,9.28166,9.28644,1.00,1.00
2016.05.30 20:55:38.720,9.28166,9.28524,1.00,1.00
2016.05.30 20:55:53.996,9.28165,9.28524,1.00,1.00
2016.05.30 20:56:06.968,9.28165,9.28534,1.00,1.00
2016.05.30 20:56:08.108,9.28165,9.28524,1.00,1.00
2016.05.30 20:56:20.721,9.28165,9.28534,1.00,1.00
2016.05.30 20:56:21.968,9.28165,9.28524,1.00,1.00
2016.05.30 20:56:33.951,9.28166,9.28524,1.00,1.00
2016.05.30 20:57:42.620,9.28166,9.28534,1.00,1.00
2016.05.30 20:57:43.622,9.28166,9.28524,1.00,1.00
2016.05.30 20:58:03.319,9.28176,9.28524,1.00,1.00
2016.05.30 20:58:23.534,9.28165,9.28524,1.00,1.00
2016.05.30 20:59:43.528,9.28166,9.28524,0.75,0.75
2016.05.30 20:59:43.648,9.28166,9.28514,0.75,0.75
