2016.11.23 18:00:00.283,9.78729,9.78976,1.37,1.00
2016.11.23 18:00:00.933,9.78729,9.78976,1.37,1.60
2016.11.23 18:00:00.984,9.78729,9.78976,1.37,1.35
2016.11.23 18:00:01.136,9.78729,9.78976,1.37,1.60
2016.11.23 18:00:01.187,9.78729,9.78976,1.37,1.35
2016.11.23 18:00:01.591,9.78729,9.78976,1.37,1.60
2016.11.23 18:00:02.251,9.78729,9.78976,1.37,1.00
2016.11.23 18:00:02.554,9.78729,9.78976,1.37,1.60
2016.11.23 18:00:02.656,9.78729,9.78976,1.37,1.00
2016.11.23 18:00:03.161,9.78729,9.78976,1.37,1.60
2016.11.23 18:00:03.516,9.78729,9.78976,1.37,1.60
2016.11.23 18:00:04.468,9.78729,9.78976,1.37,1.60
2016.11.23 18:00:04.772,9.78729,9.78976,1.37,1.60
2016.11.23 18:00:04.823,9.78729,9.78976,1.37,1.60
2016.11.23 18:00:04.874,9.78729,9.78976,1.37,1.60
2016.11.23 18:00:04.925,9.78729,9.78973,1.37,1.35
2016.11.23 18:00:05.027,9.78729,9.78976,1.37,1.60
2016.11.23 18:00:05.582,9.78729,9.78976,1.37,1.60
2016.11.23 18:00:05.734,9.78729,9.78976,1.37,1.60
2016.11.23 18:00:05.886,9.78729,9.78976,1.37,1.60
2016.11.23 18:00:06.614,9.78729,9.78976,1.37,1.60
2016.11.23 18:00:06.918,9.78729,9.78976,1.37,2.10
2016.11.23 18:00:07.388,9.78726,9.78971,1.37,1.60
2016.11.23 18:00:07.439,9.78726,9.78971,1.37,1.60
2016.11.23 18:00:08.015,9.78726,9.78971,1.37,1.60
2016.11.23 18:00:08.735,9.78722,9.7897,1.75,1.60
2016.11.23 18:00:09.046,9.78732,9.78956,1.37,1.00
2016.11.23 18:00:09.655,9.78725,9.78969,1.37,1.60
2016.11.23 18:00:10.047,9.78725,9.78969,1.37,1.60
2016.11.23 18:00:10.181,9.78725,9.78969,1.37,1.60
2016.11.23 18:00:10.232,9.78725,9.78969,1.37,1.00
2016.11.23 18:00:10.384,9.78725,9.78969,1.37,1.60
2016.11.23 18:00:10.696,9.78725,9.78969,1.37,1.60
2016.11.23 18:00:11.272,9.78725,9.78969,1.37,1.00
2016.11.23 18:00:11.374,9.78725,9.78969,1.75,1.00
2016.11.23 18:00:11.678,9.78725,9.78969,1.75,1.60
2016.11.23 18:00:11.881,9.78725,9.78969,1.37,1.60
2016.11.23 18:00:11.931,9.78725,9.78969,1.37,1.60
2016.11.23 18:00:12.083,9.78725,9.78969,1.37,1.60
2016.11.23 18:00:12.185,9.78725,9.78969,1.37,1.60
2016.11.23 18:00:13.711,9.78725,9.78965,1.37,1.60
2016.11.23 18:00:13.813,9.78725,9.78965,1.37,1.60
2016.11.23 18:00:14.874,9.78708,9.78955,1.75,1.35
2016.11.23 18:00:15.400,9.78708,9.78955,1.75,1.60
2016.11.23 18:00:16.853,9.78708,9.78964,1.75,1.60
2016.11.23 18:00:29.558,9.78712,9.78936,1.37,1.00
2016.11.23 18:00:30.343,9.7871,9.7895,1.75,1.00
2016.11.23 18:00:38.689,9.78706,9.78946,1.75,1.00
2016.11.23 18:00:42.184,9.78705,9.78929,1.75,1.00
2016.11.23 18:00:43.118,9.78698,9.78943,1.75,1.00
2016.11.23 18:00:43.220,9.78705,9.78929,1.75,1.00
2016.11.23 18:00:43.271,9.78697,9.78944,1.75,1.00
2016.11.23 18:00:43.321,9.78705,9.78929,1.75,1.00
2016.11.23 18:00:44.076,9.78697,9.78943,1.75,1.00
2016.11.23 18:00:44.228,9.78704,9.7893,1.75,1.00
2016.11.23 18:00:45.189,9.78703,9.78927,1.75,1.00
2016.11.23 18:00:46.181,9.78708,9.78932,1.75,1.00
2016.11.23 18:00:46.405,9.78713,9.78939,1.37,1.00
2016.11.23 18:00:53.695,9.78709,9.78933,1.75,1.00
2016.11.23 18:00:57.295,9.78709,9.78933,1.75,1.00
2016.11.23 18:00:58.800,9.78709,9.78933,1.75,1.00
2016.11.23 18:01:00.447,9.78704,9.78928,1.75,1.00
2016.11.23 18:01:01.357,9.78693,9.78938,1.75,1.00
2016.11.23 18:01:01.981,9.787,9.78924,1.75,1.00
2016.11.23 18:01:08.730,9.78701,9.78925,1.75,1.00
2016.11.23 18:01:09.101,9.78701,9.78925,1.75,1.00
2016.11.23 18:01:23.762,9.78696,9.78922,1.75,1.00
2016.11.23 18:01:24.903,9.78685,9.7893,1.75,1.00
2016.11.23 18:01:25.004,9.78695,9.78919,1.75,1.00
2016.11.23 18:01:25.055,9.78686,9.7893,1.75,1.00
2016.11.23 18:01:25.130,9.78692,9.78916,1.75,1.00
2016.11.23 18:01:27.597,9.78685,9.78929,1.75,1.00
2016.11.23 18:01:28.044,9.78685,9.78929,1.75,1.60
2016.11.23 18:01:28.196,9.78685,9.78923,1.75,1.00
2016.11.23 18:01:29.341,9.7869,9.78914,1.75,1.00
2016.11.23 18:01:30.066,9.78683,9.78928,1.75,1.60
2016.11.23 18:01:30.598,9.78683,9.78923,1.75,1.00
2016.11.23 18:01:32.603,9.78688,9.78912,1.75,1.00
2016.11.23 18:01:40.374,9.78688,9.78912,1.75,1.00
2016.11.23 18:01:46.585,9.78698,9.78922,1.75,1.00
2016.11.23 18:01:46.889,9.78698,9.78922,1.37,1.00
2016.11.23 18:01:49.345,9.78698,9.78922,1.75,1.00
2016.11.23 18:01:51.244,9.78698,9.78922,1.75,1.00
2016.11.23 18:01:53.047,9.78698,9.78922,1.37,1.00
2016.11.23 18:01:53.815,9.78697,9.78921,1.37,1.00
2016.11.23 18:01:54.895,9.78673,9.7892,1.75,1.00
2016.11.23 18:01:57.053,9.7869,9.78916,1.75,1.00
2016.11.23 18:02:00.547,9.7869,9.78914,1.75,1.00
2016.11.23 18:02:03.404,9.7869,9.78914,1.75,1.00
2016.11.23 18:02:03.758,9.78701,9.78925,1.12,1.00
2016.11.23 18:02:03.809,9.78694,9.7894,1.37,1.00
2016.11.23 18:02:04.128,9.78694,9.7894,1.37,1.60
2016.11.23 18:02:04.432,9.7869,9.78914,1.75,1.00
2016.11.23 18:02:08.865,9.78691,9.78915,1.75,1.00
2016.11.23 18:02:15.165,9.78698,9.78922,1.37,1.00
2016.11.23 18:02:18.899,9.78698,9.78922,1.50,1.00
2016.11.23 18:02:19.303,9.78686,9.7891,1.75,1.00
2016.11.23 18:02:20.784,9.78674,9.789,1.00,1.00
2016.11.23 18:02:20.834,9.7865,9.78839,1.00,1.00
2016.11.23 18:02:20.885,9.78634,9.78839,1.75,1.00
2016.11.23 18:02:21.088,9.78596,9.78812,1.75,1.00
2016.11.23 18:02:21.593,9.78586,9.78812,1.00,1.00
2016.11.23 18:02:21.845,9.78563,9.78789,1.75,1.00
2016.11.23 18:02:22.640,9.78554,9.78778,1.75,1.00
2016.11.23 18:02:22.792,9.78554,9.78778,1.75,1.00
2016.11.23 18:02:23.931,9.78552,9.78776,1.75,1.00
2016.11.23 18:02:25.127,9.78562,9.78776,1.00,1.00
2016.11.23 18:02:25.329,9.78574,9.78776,1.00,1.00
2016.11.23 18:02:25.659,9.78574,9.78797,1.00,1.00
2016.11.23 18:02:27.346,9.78574,9.78785,1.00,1.00
2016.11.23 18:02:27.599,9.78561,9.78785,1.00,1.00
2016.11.23 18:02:30.585,9.78554,9.78778,1.00,1.00
2016.11.23 18:02:34.795,9.78548,9.78772,1.00,1.00
2016.11.23 18:02:35.048,9.7851,9.78749,1.00,1.00
2016.11.23 18:02:36.062,9.7853,9.78754,1.00,1.00
2016.11.23 18:02:38.905,9.78524,9.78748,1.00,1.00
2016.11.23 18:02:43.474,9.78528,9.78752,1.00,1.00
2016.11.23 18:02:45.611,9.78518,9.78742,1.00,1.00
2016.11.23 18:02:48.845,9.78507,9.78731,1.00,1.00
2016.11.23 18:02:49.149,9.78494,9.78718,1.00,1.00
2016.11.23 18:02:53.947,9.78487,9.78711,1.00,1.00
2016.11.23 18:02:56.147,9.78493,9.78726,1.00,1.00
2016.11.23 18:02:56.249,9.78493,9.78718,1.00,1.00
2016.11.23 18:02:56.553,9.78507,9.78718,1.00,1.00
2016.11.23 18:02:56.603,9.78507,9.78727,1.00,1.00
2016.11.23 18:02:56.654,9.78507,9.78724,1.00,1.00
2016.11.23 18:02:56.958,9.78507,9.78704,1.00,1.00
2016.11.23 18:02:57.586,9.78467,9.78691,1.00,1.00
2016.11.23 18:02:57.688,9.78463,9.78683,1.00,1.00
2016.11.23 18:02:57.840,9.78463,9.78697,1.00,1.00
2016.11.23 18:02:58.055,9.78463,9.78675,1.00,1.00
2016.11.23 18:02:58.106,9.78463,9.7869,1.00,1.00
2016.11.23 18:02:58.207,9.78463,9.78705,1.00,1.00
2016.11.23 18:02:58.611,9.78463,9.78689,1.00,1.00
2016.11.23 18:02:59.143,9.78452,9.78689,1.00,1.00
2016.11.23 18:03:00.304,9.78448,9.78672,1.00,1.00
2016.11.23 18:03:00.609,9.78443,9.78667,1.00,1.00
2016.11.23 18:03:01.114,9.7844,9.78664,1.00,1.00
2016.11.23 18:03:03.886,9.78448,9.78672,1.00,1.00
2016.11.23 18:03:04.353,9.78454,9.78684,1.00,1.00
2016.11.23 18:03:05.382,9.7845,9.78674,1.00,1.00
2016.11.23 18:03:08.996,9.78458,9.78682,1.00,1.00
2016.11.23 18:03:09.047,9.78465,9.78691,1.00,1.00
2016.11.23 18:03:10.078,9.78469,9.78693,1.00,1.00
2016.11.23 18:03:15.674,9.78465,9.78691,1.00,1.00
2016.11.23 18:03:18.058,9.78477,9.78701,1.00,1.00
2016.11.23 18:03:24.044,9.78482,9.78706,1.00,1.00
2016.11.23 18:03:25.079,9.7849,9.78714,1.00,1.00
2016.11.23 18:03:25.375,9.7847,9.78715,1.00,1.00
2016.11.23 18:03:25.426,9.78492,9.78717,1.00,1.00
2016.11.23 18:03:26.435,9.7849,9.78716,1.00,1.00
2016.11.23 18:03:27.359,9.78495,9.78719,1.00,1.00
2016.11.23 18:03:30.728,9.78503,9.78727,1.00,1.00
2016.11.23 18:03:38.051,9.78512,9.78738,1.00,1.00
2016.11.23 18:03:38.456,9.78509,9.78747,1.00,1.00
2016.11.23 18:03:39.062,9.78511,9.78739,1.00,1.00
2016.11.23 18:03:45.734,9.78508,9.78734,1.00,1.00
2016.11.23 18:03:54.098,9.78517,9.78741,1.00,1.00
2016.11.23 18:03:55.192,9.7852,9.78744,1.00,1.00
2016.11.23 18:04:03.861,9.78561,9.78776,1.00,1.00
2016.11.23 18:04:03.963,9.78561,9.78785,1.00,1.00
2016.11.23 18:04:04.014,9.78582,9.78796,1.00,1.00
2016.11.23 18:04:04.065,9.78582,9.78804,1.00,1.00
2016.11.23 18:04:04.116,9.78582,9.78806,1.00,1.00
2016.11.23 18:04:04.369,9.78564,9.78797,1.00,1.00
2016.11.23 18:04:09.086,9.78555,9.78794,1.00,1.00
2016.11.23 18:04:09.391,9.78552,9.78788,1.00,1.00
2016.11.23 18:04:15.804,9.78564,9.78788,1.00,1.00
2016.11.23 18:04:24.163,9.7857,9.78796,1.00,1.00
2016.11.23 18:04:30.865,9.78571,9.78798,1.00,1.00
2016.11.23 18:04:31.067,9.78573,9.78803,1.00,1.00
2016.11.23 18:04:31.950,9.78573,9.7882,1.00,1.00
2016.11.23 18:04:32.114,9.78588,9.78835,1.00,1.00
2016.11.23 18:04:32.468,9.78574,9.78822,1.00,1.00
2016.11.23 18:04:32.823,9.78562,9.78822,1.50,1.00
2016.11.23 18:04:33.027,9.78575,9.78822,1.00,1.00
2016.11.23 18:04:33.336,9.78589,9.78824,1.00,1.00
2016.11.23 18:04:39.158,9.78587,9.7882,1.50,1.00
2016.11.23 18:04:43.993,9.78587,9.7882,1.50,1.00
2016.11.23 18:04:45.854,9.78589,9.78821,1.37,1.00
2016.11.23 18:04:46.106,9.78604,9.78828,1.37,1.00
2016.11.23 18:04:48.397,9.78591,9.78783,1.37,1.00
2016.11.23 18:04:48.600,9.78559,9.78783,1.75,1.00
2016.11.23 18:04:49.107,9.7856,9.78804,1.75,1.00
2016.11.23 18:04:49.680,9.78558,9.78809,1.75,1.00
2016.11.23 18:04:49.782,9.7857,9.78804,1.75,1.00
2016.11.23 18:04:49.833,9.78553,9.78807,1.75,1.00
2016.11.23 18:04:50.338,9.78551,9.78797,1.75,1.00
2016.11.23 18:04:51.095,9.78572,9.78796,1.75,1.00
2016.11.23 18:04:51.602,9.78548,9.78795,2.25,1.00
2016.11.23 18:04:54.187,9.78548,9.78793,1.75,1.00
2016.11.23 18:04:54.541,9.78545,9.78793,1.75,1.00
2016.11.23 18:04:54.592,9.78566,9.78802,1.75,1.00
2016.11.23 18:04:55.243,9.78554,9.78809,1.75,1.00
2016.11.23 18:05:00.883,9.78554,9.78804,1.75,1.00
2016.11.23 18:05:03.959,9.78572,9.78806,1.75,1.00
2016.11.23 18:05:04.873,9.78557,9.78799,1.75,1.00
2016.11.23 18:05:05.278,9.78555,9.78787,1.75,1.00
2016.11.23 18:05:09.244,9.78541,9.78784,1.75,1.00
2016.11.23 18:05:14.062,9.78562,9.78787,1.37,1.00
2016.11.23 18:05:14.215,9.78544,9.78784,1.37,1.00
2016.11.23 18:05:14.417,9.78552,9.78789,1.37,1.00
2016.11.23 18:05:15.082,9.7853,9.78784,1.75,1.00
2016.11.23 18:05:15.335,9.78544,9.78787,1.37,1.00
2016.11.23 18:05:15.386,9.7854,9.78781,1.37,1.00
2016.11.23 18:05:15.437,9.78543,9.78783,1.37,1.00
2016.11.23 18:05:15.488,9.7853,9.78787,1.75,1.00
2016.11.23 18:05:15.590,9.78519,9.78787,1.75,1.00
2016.11.23 18:05:16.449,9.78529,9.7878,1.75,1.00
2016.11.23 18:05:17.695,9.78545,9.78793,1.75,1.00
2016.11.23 18:05:17.746,9.78534,9.78775,1.75,1.00
2016.11.23 18:05:17.797,9.78552,9.78778,1.37,1.00
2016.11.23 18:05:17.972,9.78531,9.78774,1.75,1.00
2016.11.23 18:05:18.726,9.78541,9.78792,1.75,1.00
2016.11.23 18:05:18.878,9.78517,9.78779,1.75,1.00
2016.11.23 18:05:19.181,9.78526,9.78775,1.75,1.00
2016.11.23 18:05:19.749,9.78534,9.78791,1.75,1.00
2016.11.23 18:05:19.850,9.78526,9.78778,1.75,1.00
2016.11.23 18:05:20.841,9.78516,9.78767,1.75,1.00
2016.11.23 18:05:20.892,9.78535,9.7879,1.75,1.00
2016.11.23 18:05:20.943,9.78516,9.78761,1.75,1.00
2016.11.23 18:05:22.064,9.78545,9.78789,1.75,1.00
2016.11.23 18:05:22.542,9.78531,9.78766,1.75,1.00
2016.11.23 18:05:22.643,9.78536,9.78789,1.75,1.00
2016.11.23 18:05:22.745,9.7852,9.78761,1.75,1.00
2016.11.23 18:05:23.359,9.7852,9.78761,1.75,1.00
2016.11.23 18:05:23.612,9.78533,9.78785,1.37,1.00
2016.11.23 18:05:23.663,9.78506,9.78762,1.75,1.00
2016.11.23 18:05:24.044,9.7852,9.78751,1.75,1.00
2016.11.23 18:05:24.095,9.78512,9.78738,1.37,1.00
2016.11.23 18:05:24.348,9.7851,9.78734,1.37,1.00
2016.11.23 18:05:27.104,9.78497,9.78723,1.37,1.00
2016.11.23 18:05:29.383,9.78469,9.78696,1.75,1.00
2016.11.23 18:05:29.586,9.78463,9.78696,1.75,1.00
2016.11.23 18:05:30.379,9.78467,9.78695,1.75,1.00
2016.11.23 18:05:30.430,9.78479,9.78705,1.75,1.00
2016.11.23 18:05:31.393,9.78467,9.78707,1.75,1.00
2016.11.23 18:05:31.444,9.78485,9.78718,1.37,1.00
2016.11.23 18:05:31.597,9.78467,9.78716,1.75,1.00
2016.11.23 18:05:32.588,9.78463,9.78709,1.75,1.00
2016.11.23 18:05:32.901,9.78482,9.78706,1.37,1.00
2016.11.23 18:05:33.586,9.78466,9.78701,1.75,1.00
2016.11.23 18:05:34.701,9.7849,9.78718,1.37,1.00
2016.11.23 18:05:34.803,9.7849,9.78724,1.37,1.00
2016.11.23 18:05:39.264,9.78476,9.78722,1.75,1.00
2016.11.23 18:05:39.482,9.78486,9.78727,1.75,1.00
2016.11.23 18:05:39.533,9.78486,9.78722,1.75,1.00
2016.11.23 18:05:40.267,9.78476,9.78721,1.75,1.00
2016.11.23 18:05:40.328,9.78488,9.78724,1.50,1.00
2016.11.23 18:05:40.480,9.78476,9.78722,1.75,1.00
2016.11.23 18:05:41.345,9.78487,9.78731,1.75,1.00
2016.11.23 18:05:41.851,9.78488,9.78732,1.50,1.00
2016.11.23 18:05:42.386,9.7849,9.78729,1.37,1.00
2016.11.23 18:05:42.437,9.78476,9.78731,1.75,1.00
2016.11.23 18:05:42.488,9.78476,9.78729,1.75,1.00
2016.11.23 18:05:42.539,9.78476,9.78731,1.75,1.00
2016.11.23 18:05:43.387,9.78476,9.7873,1.75,1.00
2016.11.23 18:05:43.855,9.78499,9.78737,1.37,1.00
2016.11.23 18:06:01.002,9.78501,9.78736,1.37,1.00
2016.11.23 18:06:02.597,9.78501,9.78736,1.37,1.00
2016.11.23 18:06:02.908,9.78484,9.78718,1.37,1.00
2016.11.23 18:06:02.960,9.78483,9.78724,1.37,1.00
2016.11.23 18:06:03.061,9.78465,9.78721,1.75,1.00
2016.11.23 18:06:03.851,9.78496,9.78736,1.37,1.00
2016.11.23 18:06:03.902,9.7847,9.78724,1.75,1.00
2016.11.23 18:06:03.992,9.7847,9.78727,1.75,1.00
2016.11.23 18:06:04.093,9.78496,9.78731,1.37,1.00
2016.11.23 18:06:04.194,9.78479,9.78733,1.75,1.00
2016.11.23 18:06:04.842,9.78496,9.78732,1.37,1.00
2016.11.23 18:06:08.217,9.78495,9.78736,1.37,1.00
2016.11.23 18:06:08.272,9.78478,9.78728,1.75,1.00
2016.11.23 18:06:08.323,9.78498,9.78738,1.37,1.00
2016.11.23 18:06:08.475,9.78478,9.78724,1.75,1.00
2016.11.23 18:06:08.526,9.78478,9.78727,1.75,1.00
2016.11.23 18:06:09.510,9.78467,9.78724,1.75,1.00
2016.11.23 18:06:09.572,9.78497,9.78727,1.37,1.00
2016.11.23 18:06:09.825,9.78497,9.78727,1.37,1.00
2016.11.23 18:06:09.876,9.78477,9.78722,1.75,1.00
2016.11.23 18:06:10.179,9.78484,9.78719,1.37,1.00
2016.11.23 18:06:10.381,9.78492,9.7873,1.37,1.00
2016.11.23 18:06:10.684,9.78455,9.78687,1.75,1.00
2016.11.23 18:06:11.363,9.78442,9.78718,1.75,1.00
2016.11.23 18:06:11.515,9.78441,9.7871,1.75,1.00
2016.11.23 18:06:11.616,9.78443,9.78718,1.75,1.00
2016.11.23 18:06:11.667,9.78496,9.7872,1.37,1.00
2016.11.23 18:06:12.172,9.78464,9.78721,1.75,1.00
2016.11.23 18:06:12.324,9.78464,9.78721,1.75,1.00
2016.11.23 18:06:12.526,9.78488,9.78724,1.50,1.00
2016.11.23 18:06:16.037,9.78495,9.78719,1.37,1.00
2016.11.23 18:06:17.238,9.78464,9.78717,1.75,1.00
2016.11.23 18:06:17.341,9.78464,9.7873,1.75,1.00
2016.11.23 18:06:17.392,9.78464,9.78724,1.75,1.00
2016.11.23 18:06:17.696,9.78492,9.78733,1.37,1.00
2016.11.23 18:06:18.636,9.78451,9.7873,1.75,1.00
2016.11.23 18:06:18.940,9.78493,9.78717,1.37,1.00
2016.11.23 18:06:19.092,9.78481,9.78732,1.50,1.00
2016.11.23 18:06:20.042,9.78481,9.78732,1.75,1.00
2016.11.23 18:06:20.517,9.78492,9.78716,1.37,1.00
2016.11.23 18:06:24.173,9.78487,9.78729,1.75,1.00
2016.11.23 18:06:24.577,9.78481,9.78729,1.37,1.00
2016.11.23 18:06:25.108,9.78482,9.78728,1.37,1.00
2016.11.23 18:06:26.140,9.78482,9.78728,1.37,1.00
2016.11.23 18:06:29.043,9.78462,9.78725,1.75,1.00
2016.11.23 18:06:29.524,9.78452,9.787,1.75,1.00
2016.11.23 18:06:31.065,9.78452,9.787,1.75,1.00
2016.11.23 18:06:31.831,9.78442,9.78672,1.75,1.00
2016.11.23 18:06:32.791,9.7843,9.78665,2.25,1.00
2016.11.23 18:06:36.290,9.78427,9.787,1.75,1.50
2016.11.23 18:06:36.652,9.7843,9.78662,1.75,1.00
2016.11.23 18:06:36.955,9.7843,9.78657,1.75,1.00
2016.11.23 18:06:37.309,9.7843,9.787,1.75,1.50
2016.11.23 18:06:37.410,9.78429,9.7866,1.37,1.00
2016.11.23 18:06:38.275,9.78427,9.78651,1.37,1.00
2016.11.23 18:06:39.430,9.7842,9.78648,1.75,1.00
2016.11.23 18:06:40.560,9.7842,9.78648,1.00,1.00
2016.11.23 18:06:40.711,9.7841,9.78634,1.87,1.00
2016.11.23 18:06:41.021,9.78391,9.78627,1.37,1.00
2016.11.23 18:06:41.272,9.78408,9.78632,1.37,1.00
2016.11.23 18:06:46.142,9.78407,9.78631,1.37,1.00
2016.11.23 18:06:48.051,9.78407,9.78631,1.37,1.00
2016.11.23 18:06:48.746,9.78417,9.78643,1.37,1.00
2016.11.23 18:06:48.898,9.7843,9.78654,1.00,1.00
2016.11.23 18:06:48.949,9.78442,9.78666,1.00,1.00
2016.11.23 18:06:49.202,9.78464,9.7869,1.00,1.00
2016.11.23 18:06:49.315,9.78457,9.78694,1.00,1.00
2016.11.23 18:06:49.367,9.7847,9.78696,1.00,1.00
2016.11.23 18:06:49.670,9.78411,9.78651,1.75,1.00
2016.11.23 18:06:49.772,9.7844,9.78688,1.37,1.00
2016.11.23 18:06:49.873,9.7844,9.78688,1.00,1.00
2016.11.23 18:06:50.380,9.78419,9.78657,1.00,1.00
2016.11.23 18:06:50.683,9.78431,9.78655,1.00,1.00
2016.11.23 18:06:50.784,9.7841,9.78652,1.37,1.00
2016.11.23 18:06:51.094,9.7841,9.78652,1.37,1.00
2016.11.23 18:06:55.798,9.78398,9.78667,1.75,1.00
2016.11.23 18:06:56.050,9.78402,9.78675,1.75,1.00
2016.11.23 18:06:56.101,9.78409,9.7868,1.37,1.00
2016.11.23 18:06:58.105,9.78409,9.78662,1.75,1.00
2016.11.23 18:07:01.142,9.78409,9.78676,1.75,1.00
2016.11.23 18:07:09.482,9.78409,9.78658,1.75,1.00
2016.11.23 18:07:12.305,9.78429,9.78655,1.37,1.00
2016.11.23 18:07:16.152,9.78434,9.78658,1.37,1.00
2016.11.23 18:07:24.478,9.78432,9.78656,1.37,1.00
2016.11.23 18:07:30.629,9.78416,9.78648,1.37,1.00
2016.11.23 18:07:31.211,9.78411,9.78663,1.75,1.00
2016.11.23 18:07:31.262,9.7843,9.78654,1.37,1.00
2016.11.23 18:07:32.193,9.78417,9.78648,1.37,1.00
2016.11.23 18:07:37.258,9.78417,9.78686,1.37,1.00
2016.11.23 18:07:37.715,9.78417,9.78661,1.37,1.00
2016.11.23 18:07:39.504,9.78417,9.78654,1.37,1.00
2016.11.23 18:07:40.609,9.78439,9.78671,1.37,1.00
2016.11.23 18:07:40.660,9.78442,9.78666,1.37,1.00
2016.11.23 18:07:40.963,9.78442,9.78666,1.37,1.00
2016.11.23 18:07:41.432,9.78442,9.78666,1.75,1.00
2016.11.23 18:07:41.584,9.78458,9.78683,1.37,1.00
2016.11.23 18:07:44.803,9.78456,9.78702,1.50,1.00
2016.11.23 18:07:46.243,9.78456,9.78701,1.50,1.00
2016.11.23 18:07:49.368,9.78454,9.78685,1.75,1.00
2016.11.23 18:07:49.673,9.78445,9.78669,1.75,1.00
2016.11.23 18:07:50.005,9.78434,9.78658,1.75,1.00
2016.11.23 18:07:52.421,9.78434,9.78658,1.75,1.00
2016.11.23 18:07:52.573,9.78446,9.7867,1.75,1.00
2016.11.23 18:07:54.534,9.78437,9.78663,1.75,1.00
2016.11.23 18:07:58.707,9.78447,9.78671,1.75,1.00
2016.11.23 18:07:58.758,9.78457,9.78683,1.75,1.00
2016.11.23 18:07:58.809,9.78447,9.78671,1.75,1.00
2016.11.23 18:08:01.245,9.78457,9.78681,1.75,1.00
2016.11.23 18:08:06.350,9.78439,9.78673,1.75,1.00
2016.11.23 18:08:07.261,9.78455,9.78679,1.75,1.00
2016.11.23 18:08:09.565,9.78446,9.78672,1.75,1.00
2016.11.23 18:08:10.571,9.78453,9.78677,1.75,1.00
2016.11.23 18:08:10.725,9.78438,9.78672,1.75,1.00
2016.11.23 18:08:16.272,9.78436,9.78663,1.75,1.00
2016.11.23 18:08:18.837,9.78449,9.78673,1.75,1.00
2016.11.23 18:08:24.725,9.78438,9.78662,1.75,1.00
2016.11.23 18:08:29.873,9.78438,9.78662,1.75,1.00
2016.11.23 18:08:31.331,9.78432,9.78656,1.75,1.00
2016.11.23 18:08:31.382,9.7842,9.78667,1.75,1.00
2016.11.23 18:08:32.427,9.78432,9.78656,1.75,1.00
2016.11.23 18:08:32.882,9.78432,9.78656,1.75,1.00
2016.11.23 18:08:33.490,9.78445,9.78669,1.75,1.00
2016.11.23 18:08:33.667,9.78456,9.7868,1.75,1.00
2016.11.23 18:08:33.718,9.78444,9.78671,1.75,1.00
2016.11.23 18:08:34.141,9.78455,9.78684,1.75,1.00
2016.11.23 18:08:39.624,9.7845,9.78676,1.75,1.00
2016.11.23 18:08:46.334,9.7845,9.78677,1.75,1.00
2016.11.23 18:08:49.151,9.78462,9.78686,1.37,1.00
2016.11.23 18:08:49.353,9.78448,9.787,1.75,1.00
2016.11.23 18:08:49.786,9.7845,9.7868,1.75,1.00
2016.11.23 18:08:54.686,9.78452,9.78679,1.75,1.00
2016.11.23 18:09:01.385,9.78453,9.78678,1.75,1.00
2016.11.23 18:09:14.123,9.78448,9.78678,1.75,1.00
2016.11.23 18:09:18.885,9.78446,9.78665,1.75,1.00
2016.11.23 18:09:18.939,9.78433,9.78675,1.75,1.00
2016.11.23 18:09:19.040,9.78433,9.78675,1.75,1.00
2016.11.23 18:09:20.352,9.78449,9.78675,1.37,1.00
2016.11.23 18:09:20.845,9.78461,9.78685,1.37,1.00
2016.11.23 18:09:24.764,9.78456,9.7868,1.37,1.00
2016.11.23 18:09:28.498,9.78466,9.7869,1.00,1.00
2016.11.23 18:09:28.866,9.78452,9.78684,1.37,1.00
2016.11.23 18:09:28.917,9.78466,9.7869,1.00,1.00
2016.11.23 18:09:29.119,9.78452,9.78684,1.37,1.00
2016.11.23 18:09:29.524,9.78466,9.78691,1.00,1.00
2016.11.23 18:09:30.079,9.78466,9.78691,1.37,1.00
2016.11.23 18:09:30.589,9.78445,9.78678,1.75,1.00
2016.11.23 18:09:31.423,9.78442,9.78671,1.75,1.00
2016.11.23 18:09:39.782,9.78438,9.78665,1.75,1.00
2016.11.23 18:09:39.875,9.78438,9.78665,1.75,1.00
2016.11.23 18:09:46.453,9.7844,9.78664,1.75,1.00
2016.11.23 18:09:52.150,9.78452,9.78676,1.37,1.00
2016.11.23 18:09:52.610,9.78452,9.78676,1.00,1.00
2016.11.23 18:09:54.812,9.78444,9.78668,1.00,1.00
2016.11.23 18:09:55.779,9.78439,9.78663,1.00,1.00
2016.11.23 18:10:09.862,9.78441,9.78665,1.00,1.00
2016.11.23 18:10:14.715,9.78419,9.78661,1.75,1.00
2016.11.23 18:10:14.868,9.78442,9.78666,1.00,1.00
2016.11.23 18:10:15.217,9.78448,9.78672,1.00,1.00
2016.11.23 18:10:15.744,9.78431,9.78659,1.00,1.00
2016.11.23 18:10:15.795,9.78431,9.78665,1.00,1.00
2016.11.23 18:10:15.896,9.78421,9.78665,1.00,1.00
2016.11.23 18:10:16.048,9.78443,9.78667,1.00,1.00
2016.11.23 18:10:16.352,9.78447,9.78667,1.00,1.00
2016.11.23 18:10:16.403,9.78443,9.78667,1.00,1.00
2016.11.23 18:10:16.848,9.78449,9.78673,1.00,1.00
2016.11.23 18:10:17.097,9.78439,9.78673,1.37,1.00
2016.11.23 18:10:19.085,9.7845,9.78674,1.00,1.00
2016.11.23 18:10:19.992,9.78439,9.78673,1.37,1.00
2016.11.23 18:10:20.043,9.78452,9.78676,1.00,1.00
2016.11.23 18:10:31.585,9.78451,9.78675,1.00,1.00
2016.11.23 18:10:39.862,9.7845,9.78674,1.00,1.00
2016.11.23 18:10:40.559,9.7845,9.78674,1.50,1.00
2016.11.23 18:10:40.862,9.7844,9.78664,1.75,1.00
2016.11.23 18:10:41.344,9.7844,9.78664,1.00,1.00
2016.11.23 18:10:46.571,9.78435,9.78659,1.00,1.00
2016.11.23 18:10:46.632,9.78412,9.78669,1.37,1.00
2016.11.23 18:10:46.684,9.78431,9.78655,1.00,1.00
2016.11.23 18:10:49.518,9.78405,9.78646,1.75,1.00
2016.11.23 18:10:52.050,9.78405,9.78646,1.00,1.00
2016.11.23 18:10:54.939,9.78415,9.78646,1.00,1.00
2016.11.23 18:11:01.638,9.78419,9.78643,1.00,1.00
2016.11.23 18:11:09.951,9.78418,9.78642,1.00,1.00
2016.11.23 18:11:16.668,9.78417,9.78641,1.00,1.00
2016.11.23 18:11:25.002,9.78405,9.78645,1.75,1.00
2016.11.23 18:11:29.758,9.78405,9.78629,1.75,1.00
2016.11.23 18:11:31.693,9.78403,9.78644,1.75,1.00
2016.11.23 18:11:39.983,9.78415,9.78639,1.00,1.00
2016.11.23 18:11:40.547,9.78414,9.78638,1.12,1.00
2016.11.23 18:11:45.869,9.78405,9.78629,1.00,1.00
2016.11.23 18:11:46.171,9.78405,9.78629,1.00,1.60
2016.11.23 18:11:46.273,9.78405,9.78629,1.00,1.60
2016.11.23 18:11:46.516,9.78393,9.78641,1.00,1.00
2016.11.23 18:11:46.619,9.7839,9.78641,1.00,1.00
2016.11.23 18:11:47.620,9.78391,9.78641,1.00,1.00
2016.11.23 18:11:55.038,9.78392,9.78634,1.00,1.00
2016.11.23 18:11:59.175,9.78404,9.78628,1.00,1.00
2016.11.23 18:11:59.478,9.78419,9.78643,1.00,1.00
2016.11.23 18:12:00.448,9.7842,9.78644,1.00,1.00
2016.11.23 18:12:01.721,9.78413,9.78637,1.00,1.00
2016.11.23 18:12:10.087,9.7841,9.78636,1.00,1.00
2016.11.23 18:12:15.130,9.78396,9.7862,1.00,1.00
2016.11.23 18:12:16.766,9.7839,9.78633,1.00,1.00
2016.11.23 18:12:25.120,9.78391,9.78615,1.00,1.00
2016.11.23 18:12:25.437,9.78383,9.78628,1.00,1.60
2016.11.23 18:12:25.539,9.78383,9.78628,1.00,1.60
2016.11.23 18:12:25.792,9.78376,9.78618,1.00,1.60
2016.11.23 18:12:26.046,9.78376,9.78618,1.00,1.60
2016.11.23 18:12:26.097,9.78388,9.78612,1.00,1.00
2016.11.23 18:12:26.602,9.78399,9.78623,1.00,1.00
2016.11.23 18:12:30.777,9.7838,9.78627,1.00,1.00
2016.11.23 18:12:30.929,9.78391,9.78615,1.00,1.00
2016.11.23 18:12:31.232,9.78387,9.78611,1.00,1.60
2016.11.23 18:12:31.750,9.78387,9.78611,1.00,1.00
2016.11.23 18:12:32.138,9.78398,9.78622,1.00,1.60
2016.11.23 18:12:32.189,9.78398,9.78622,1.00,1.60
2016.11.23 18:12:32.716,9.78398,9.78622,1.00,1.00
2016.11.23 18:12:37.899,9.78384,9.7861,1.00,1.00
2016.11.23 18:12:40.103,9.78394,9.78618,1.00,1.00
2016.11.23 18:12:40.419,9.78385,9.78609,1.00,1.00
2016.11.23 18:12:46.811,9.78393,9.78617,1.00,1.00
2016.11.23 18:12:48.147,9.78381,9.78607,1.00,1.00
2016.11.23 18:12:48.695,9.78382,9.78606,1.00,1.00
2016.11.23 18:12:49.150,9.78392,9.78618,1.00,1.00
2016.11.23 18:12:52.852,9.78395,9.78621,1.00,1.00
2016.11.23 18:12:55.159,9.78395,9.78619,1.00,1.00
2016.11.23 18:12:58.601,9.78397,9.78621,1.00,1.00
2016.11.23 18:13:00.880,9.78386,9.7861,1.00,1.00
2016.11.23 18:13:01.888,9.78396,9.7862,1.00,1.00
2016.11.23 18:13:03.395,9.78385,9.78611,1.50,1.00
2016.11.23 18:13:03.701,9.78395,9.78619,1.00,1.00
2016.11.23 18:13:07.251,9.78386,9.7861,1.00,1.00
2016.11.23 18:13:08.253,9.78384,9.7861,1.00,1.00
2016.11.23 18:13:09.660,9.78395,9.78619,1.00,1.00
2016.11.23 18:13:10.644,9.78395,9.78621,1.00,1.00
2016.11.23 18:13:11.679,9.78385,9.78609,1.00,1.00
2016.11.23 18:13:16.184,9.78368,9.78541,1.00,1.00
2016.11.23 18:13:16.336,9.78336,9.78513,1.37,1.00
2016.11.23 18:13:16.387,9.78357,9.78533,1.00,1.00
2016.11.23 18:13:16.489,9.78357,9.78538,1.00,1.00
2016.11.23 18:13:16.540,9.78357,9.78552,1.00,1.00
2016.11.23 18:13:16.642,9.78357,9.78614,1.00,1.60
2016.11.23 18:13:16.693,9.78357,9.78617,1.00,1.60
2016.11.23 18:13:16.794,9.78357,9.78617,1.00,1.60
2016.11.23 18:13:17.047,9.78357,9.78617,1.50,1.60
2016.11.23 18:13:17.199,9.78384,9.78608,1.00,1.00
2016.11.23 18:13:17.552,9.78387,9.78608,1.00,1.00
2016.11.23 18:13:18.302,9.78399,9.78623,1.00,1.00
2016.11.23 18:13:25.207,9.78401,9.78627,1.00,1.00
2016.11.23 18:13:31.934,9.78404,9.78628,1.00,1.00
2016.11.23 18:13:40.256,9.78405,9.78629,1.00,1.00
2016.11.23 18:14:35.126,9.78415,9.78639,1.00,1.00
2016.11.23 18:14:37.758,9.78406,9.78651,1.00,1.00
2016.11.23 18:14:37.889,9.78416,9.78651,1.00,1.00
2016.11.23 18:14:37.940,9.78416,9.78655,1.00,1.00
2016.11.23 18:14:40.377,9.78416,9.78656,1.00,1.00
2016.11.23 18:14:47.810,9.78407,9.78656,1.00,1.00
2016.11.23 18:14:47.990,9.78414,9.78656,1.00,1.00
2016.11.23 18:14:55.380,9.78417,9.78657,1.00,1.00
2016.11.23 18:15:02.081,9.78433,9.78657,1.00,1.00
2016.11.23 18:15:17.146,9.78432,9.78656,1.00,1.00
2016.11.23 18:15:24.451,9.78443,9.78667,1.00,1.00
2016.11.23 18:15:24.755,9.78427,9.78651,1.00,1.00
2016.11.23 18:15:25.462,9.78433,9.78657,1.00,1.00
2016.11.23 18:15:26.017,9.78445,9.78671,1.00,1.00
2016.11.23 18:15:26.164,9.78481,9.78699,1.00,1.00
2016.11.23 18:15:26.214,9.78494,9.78717,1.00,1.00
2016.11.23 18:15:26.720,9.78494,9.78718,1.00,1.00
2016.11.23 18:15:27.225,9.78504,9.78728,1.00,1.00
2016.11.23 18:15:27.315,9.78504,9.7873,1.00,1.00
2016.11.23 18:15:27.366,9.78516,9.78733,1.00,1.00
2016.11.23 18:15:30.609,9.78516,9.7874,1.00,1.00
2016.11.23 18:15:32.141,9.7852,9.78744,1.00,1.00
2016.11.23 18:15:38.186,9.78526,9.7875,1.00,1.00
2016.11.23 18:15:40.463,9.78527,9.78751,1.00,1.00
2016.11.23 18:15:41.488,9.78531,9.78755,1.00,1.00
2016.11.23 18:15:47.172,9.78532,9.78756,1.00,1.00
2016.11.23 18:15:50.439,9.78506,9.78756,1.00,1.00
2016.11.23 18:15:55.494,9.78506,9.78757,1.00,1.00
2016.11.23 18:16:00.723,9.78506,9.7875,1.00,1.00
2016.11.23 18:16:02.249,9.78506,9.78756,1.00,1.00
2016.11.23 18:16:04.258,9.78503,9.78756,1.00,1.00
2016.11.23 18:16:05.501,9.78506,9.78756,1.00,1.00
2016.11.23 18:16:05.830,9.78506,9.78749,1.00,1.00
2016.11.23 18:16:10.408,9.78522,9.78746,1.00,1.00
2016.11.23 18:16:11.743,9.78523,9.78747,1.00,1.00
2016.11.23 18:16:11.794,9.78507,9.78753,1.00,1.00
2016.11.23 18:16:15.397,9.78523,9.78747,1.00,1.00
2016.11.23 18:16:17.232,9.78525,9.78749,1.00,1.00
2016.11.23 18:16:18.217,9.78517,9.78741,1.00,1.00
2016.11.23 18:16:18.319,9.78487,9.78735,1.00,1.00
2016.11.23 18:16:19.294,9.78496,9.7872,1.00,1.00
2016.11.23 18:16:19.345,9.78489,9.78734,1.00,1.00
2016.11.23 18:16:20.367,9.78488,9.78734,1.00,1.00
2016.11.23 18:16:20.890,9.78488,9.78733,1.00,1.00
2016.11.23 18:16:23.176,9.78469,9.78731,1.00,1.00
2016.11.23 18:16:23.378,9.7849,9.78731,1.00,1.50
2016.11.23 18:16:25.643,9.7849,9.78714,1.00,1.00
2016.11.23 18:16:29.310,9.78488,9.78712,1.00,1.00
2016.11.23 18:16:30.501,9.78482,9.78727,1.00,1.00
2016.11.23 18:16:32.286,9.78483,9.78726,1.00,1.00
2016.11.23 18:16:36.248,9.78483,9.78707,1.00,1.00
2016.11.23 18:16:48.292,9.78495,9.78719,1.00,1.00
2016.11.23 18:16:49.894,9.78475,9.7871,1.00,1.00
2016.11.23 18:16:49.945,9.78499,9.78723,1.00,1.00
2016.11.23 18:16:54.864,9.78472,9.78698,1.00,1.00
2016.11.23 18:16:54.915,9.78489,9.78713,1.00,1.00
2016.11.23 18:16:55.820,9.785,9.78724,1.00,1.00
2016.11.23 18:17:01.214,9.78474,9.78701,1.00,1.00
2016.11.23 18:17:01.265,9.78495,9.78719,1.00,1.00
2016.11.23 18:17:02.322,9.78502,9.78726,1.00,1.00
2016.11.23 18:17:10.643,9.78505,9.78729,1.00,1.00
2016.11.23 18:17:15.600,9.78494,9.7872,1.00,1.00
2016.11.23 18:17:16.057,9.78502,9.78726,1.00,1.00
2016.11.23 18:17:17.065,9.78502,9.78725,1.00,1.00
2016.11.23 18:17:17.571,9.78501,9.78725,1.00,1.00
2016.11.23 18:17:17.881,9.78489,9.78713,1.00,1.00
2016.11.23 18:17:18.871,9.78483,9.78707,1.00,1.00
2016.11.23 18:17:19.084,9.78484,9.7871,1.00,1.00
2016.11.23 18:17:19.343,9.78499,9.78723,1.00,1.00
2016.11.23 18:17:19.646,9.78499,9.78718,1.00,1.00
2016.11.23 18:17:19.981,9.78486,9.7871,1.00,1.00
2016.11.23 18:17:23.578,9.785,9.78724,1.00,1.00
2016.11.23 18:17:24.694,9.7849,9.78714,1.00,1.00
2016.11.23 18:17:24.998,9.78493,9.78719,1.00,1.00
2016.11.23 18:17:25.445,9.78493,9.78716,1.00,1.00
2016.11.23 18:17:25.677,9.78483,9.78707,1.00,1.00
2016.11.23 18:17:27.350,9.78498,9.78722,1.00,1.00
2016.11.23 18:17:40.637,9.78485,9.78709,1.00,1.00
2016.11.23 18:17:40.890,9.78462,9.78699,1.00,1.00
2016.11.23 18:17:41.550,9.78493,9.78717,1.00,1.00
2016.11.23 18:17:47.418,9.78502,9.78726,1.00,1.00
2016.11.23 18:18:02.454,9.78499,9.78723,1.00,1.00
2016.11.23 18:18:10.801,9.785,9.78724,1.00,1.00
2016.11.23 18:18:14.280,9.78488,9.78712,1.00,1.37
2016.11.23 18:18:14.435,9.78467,9.78705,1.00,1.00
2016.11.23 18:18:14.486,9.7849,9.78714,1.00,1.37
2016.11.23 18:18:15.518,9.78488,9.78712,1.00,1.37
2016.11.23 18:18:18.268,9.785,9.78724,1.00,1.37
2016.11.23 18:18:23.885,9.7849,9.78714,1.00,1.37
2016.11.23 18:18:25.799,9.78488,9.78712,1.00,1.37
2016.11.23 18:18:28.242,9.78499,9.78723,1.00,1.37
2016.11.23 18:18:28.293,9.78486,9.7871,1.00,1.00
2016.11.23 18:18:28.394,9.785,9.78724,1.00,1.37
2016.11.23 18:18:30.692,9.78488,9.78712,1.00,1.37
2016.11.23 18:18:32.349,9.78487,9.78711,1.00,1.12
2016.11.23 18:18:32.602,9.78487,9.78711,1.00,1.75
2016.11.23 18:18:40.823,9.78484,9.78708,1.00,1.75
2016.11.23 18:18:55.900,9.78479,9.78703,1.00,1.37
2016.11.23 18:19:02.562,9.78483,9.78709,1.00,2.25
2016.11.23 18:19:11.066,9.78472,9.78696,1.00,1.37
2016.11.23 18:19:15.069,9.7846,9.78685,1.00,1.00
2016.11.23 18:19:15.176,9.7846,9.78685,1.00,1.75
2016.11.23 18:19:15.277,9.78443,9.78669,1.00,1.37
2016.11.23 18:19:15.378,9.78432,9.78658,1.00,1.00
2016.11.23 18:19:16.363,9.78422,9.78646,1.00,1.00
2016.11.23 18:19:16.667,9.78407,9.78631,1.00,1.00
2016.11.23 18:19:16.971,9.78395,9.78619,1.00,1.00
2016.11.23 18:19:17.873,9.78391,9.78617,1.00,1.00
2016.11.23 18:19:25.944,9.78398,9.78622,1.00,1.00
2016.11.23 18:19:26.630,9.78403,9.78627,1.00,1.37
2016.11.23 18:19:26.937,9.78398,9.78622,1.00,1.00
2016.11.23 18:19:28.401,9.78399,9.78623,1.00,1.00
2016.11.23 18:19:28.452,9.7838,9.78604,1.00,1.00
2016.11.23 18:19:29.466,9.78378,9.78602,1.00,1.00
2016.11.23 18:19:32.487,9.78357,9.78583,1.00,1.00
2016.11.23 18:19:32.588,9.78368,9.78592,1.00,1.00
2016.11.23 18:19:40.944,9.78373,9.78597,1.00,1.00
2016.11.23 18:19:47.692,9.78369,9.78593,1.00,1.00
2016.11.23 18:19:55.990,9.78372,9.78596,1.00,1.00
2016.11.23 18:20:02.693,9.78375,9.78599,1.00,1.00
2016.11.23 18:20:08.380,9.78388,9.78612,1.00,1.37
2016.11.23 18:20:08.684,9.78399,9.78623,1.00,1.37
2016.11.23 18:20:11.006,9.784,9.78624,1.00,1.37
2016.11.23 18:20:17.713,9.78401,9.78625,1.00,1.37
2016.11.23 18:20:20.745,9.78389,9.78613,1.00,1.37
2016.11.23 18:20:26.046,9.78385,9.78611,1.00,1.37
2016.11.23 18:20:41.066,9.78391,9.78615,1.00,1.00
2016.11.23 18:20:47.773,9.7839,9.78614,1.00,1.00
2016.11.23 18:20:56.130,9.78389,9.78613,1.00,1.00
2016.11.23 18:21:02.804,9.78388,9.78612,1.00,1.00
2016.11.23 18:21:11.141,9.78392,9.78616,1.00,1.00
2016.11.23 18:21:17.845,9.78393,9.78617,1.00,1.00
2016.11.23 18:21:41.277,9.78392,9.78616,1.00,1.00
2016.11.23 18:21:47.053,9.78404,9.78628,1.00,1.00
2016.11.23 18:21:48.054,9.78403,9.78627,1.00,1.00
2016.11.23 18:21:56.214,9.78398,9.78622,1.00,1.00
2016.11.23 18:22:02.934,9.78396,9.7862,1.00,1.00
2016.11.23 18:22:11.295,9.78395,9.78619,1.00,1.00
2016.11.23 18:22:17.953,9.78396,9.7862,1.00,1.00
2016.11.23 18:22:18.257,9.78401,9.78647,1.00,1.00
2016.11.23 18:22:18.991,9.7841,9.78636,1.00,1.00
2016.11.23 18:22:19.847,9.78401,9.78625,1.00,1.00
2016.11.23 18:22:21.091,9.7841,9.78636,1.00,1.00
2016.11.23 18:22:21.546,9.78412,9.78636,1.00,1.00
2016.11.23 18:22:21.648,9.78401,9.78647,1.00,1.00
2016.11.23 18:22:22.092,9.7841,9.78634,1.00,1.00
2016.11.23 18:22:26.275,9.78407,9.78631,1.00,1.00
2016.11.23 18:22:41.304,9.78408,9.78632,1.00,1.00
2016.11.23 18:22:48.013,9.78407,9.78631,1.00,1.00
2016.11.23 18:22:50.316,9.78417,9.78643,1.00,1.00
2016.11.23 18:22:50.519,9.78406,9.78632,1.00,1.00
2016.11.23 18:22:56.335,9.78408,9.78632,1.00,1.00
2016.11.23 18:23:03.043,9.78407,9.78631,1.00,1.00
2016.11.23 18:23:10.804,9.78395,9.78621,1.00,1.00
2016.11.23 18:23:11.794,9.78394,9.78618,1.00,1.00
2016.11.23 18:23:18.073,9.78391,9.78615,1.00,1.00
2016.11.23 18:23:18.795,9.78391,9.78622,1.00,1.00
2016.11.23 18:23:19.338,9.78408,9.78634,1.00,1.00
2016.11.23 18:23:19.793,9.784,9.78624,1.00,1.00
2016.11.23 18:23:26.422,9.78402,9.78626,1.00,1.00
2016.11.23 18:23:33.066,9.78412,9.78636,1.00,1.00
2016.11.23 18:23:34.065,9.78413,9.78637,1.00,1.00
2016.11.23 18:23:41.425,9.7841,9.78634,1.00,1.00
2016.11.23 18:23:41.771,9.784,9.78624,1.00,1.00
2016.11.23 18:23:45.172,9.78411,9.78635,1.00,1.00
2016.11.23 18:23:45.475,9.78409,9.78633,1.00,1.00
2016.11.23 18:23:45.778,9.78392,9.78616,1.00,1.00
2016.11.23 18:23:48.160,9.78388,9.78612,1.00,1.00
2016.11.23 18:23:56.474,9.78396,9.7862,1.00,1.00
2016.11.23 18:23:57.487,9.78399,9.78623,1.00,1.00
2016.11.23 18:24:01.938,9.78396,9.7862,1.00,1.00
2016.11.23 18:24:03.163,9.78403,9.78627,1.00,1.00
2016.11.23 18:24:11.485,9.78394,9.78618,1.00,1.00
2016.11.23 18:24:12.534,9.78392,9.78616,1.00,1.00
2016.11.23 18:24:25.542,9.78413,9.78637,1.00,1.00
2016.11.23 18:24:25.694,9.78445,9.78671,1.00,1.00
2016.11.23 18:24:25.896,9.7847,9.78694,1.00,1.00
2016.11.23 18:24:26.554,9.78509,9.78733,1.00,1.00
2016.11.23 18:24:27.553,9.78512,9.78736,1.00,1.00
2016.11.23 18:24:30.200,9.78519,9.78745,1.00,1.00
2016.11.23 18:24:31.188,9.78521,9.78747,1.00,1.00
2016.11.23 18:24:33.224,9.78523,9.78747,1.00,1.00
2016.11.23 18:24:33.958,9.78575,9.7876,1.00,1.00
2016.11.23 18:24:34.009,9.78581,9.78788,1.00,1.50
2016.11.23 18:24:34.110,9.78575,9.78799,1.00,1.00
2016.11.23 18:24:34.984,9.78587,9.78811,1.00,1.00
2016.11.23 18:24:36.928,9.786,9.78824,1.00,1.00
2016.11.23 18:24:41.545,9.78596,9.7882,1.00,1.00
2016.11.23 18:24:44.046,9.78608,9.78832,1.00,1.00
2016.11.23 18:24:46.864,9.78638,9.78854,1.00,1.00
2016.11.23 18:24:47.117,9.78648,9.78872,1.00,1.00
2016.11.23 18:24:47.881,9.78669,9.78875,1.00,1.00
2016.11.23 18:24:48.034,9.78669,9.78887,1.00,1.00
2016.11.23 18:24:48.136,9.78669,9.78893,1.00,1.00
2016.11.23 18:24:50.867,9.78658,9.78882,1.00,1.00
2016.11.23 18:24:53.042,9.78658,9.78877,1.00,1.00
2016.11.23 18:24:56.594,9.78652,9.78876,1.00,1.00
2016.11.23 18:25:03.302,9.7865,9.78874,1.00,1.00
2016.11.23 18:25:04.546,9.78651,9.78875,1.00,1.00
2016.11.23 18:25:04.850,9.78651,9.78872,1.00,1.00
2016.11.23 18:25:08.073,9.78635,9.78859,1.00,1.00
2016.11.23 18:25:08.365,9.78593,9.78842,1.00,1.00
2016.11.23 18:25:08.890,9.78592,9.78842,1.00,1.00
2016.11.23 18:25:09.399,9.78592,9.78843,1.00,1.00
2016.11.23 18:25:09.696,9.78579,9.78835,1.00,1.00
2016.11.23 18:25:11.690,9.78592,9.7884,1.00,1.00
2016.11.23 18:25:12.551,9.78579,9.78825,1.00,1.00
2016.11.23 18:25:12.855,9.78592,9.78823,1.00,1.00
2016.11.23 18:25:13.372,9.78579,9.78833,1.00,1.00
2016.11.23 18:25:13.818,9.78592,9.78818,1.00,1.00
2016.11.23 18:25:13.870,9.78579,9.78834,1.00,1.00
2016.11.23 18:25:15.411,9.78582,9.78834,1.00,1.00
2016.11.23 18:25:15.613,9.78579,9.78834,1.00,1.00
2016.11.23 18:25:18.360,9.78583,9.7883,1.00,1.00
2016.11.23 18:25:21.374,9.78601,9.78825,1.00,1.00
2016.11.23 18:25:26.634,9.786,9.78824,1.00,1.00
2016.11.23 18:25:29.587,9.78589,9.78838,1.00,1.00
2016.11.23 18:25:29.689,9.78603,9.78829,1.00,1.00
2016.11.23 18:25:33.362,9.7859,9.78832,1.00,1.00
2016.11.23 18:25:33.514,9.78603,9.78827,1.00,1.00
2016.11.23 18:25:33.818,9.78591,9.78844,1.00,1.00
2016.11.23 18:25:33.869,9.78603,9.78827,1.00,1.00
2016.11.23 18:25:34.818,9.78595,9.78819,1.00,1.00
2016.11.23 18:25:37.552,9.78606,9.7883,1.00,1.00
2016.11.23 18:25:37.856,9.78595,9.78819,1.00,1.00
2016.11.23 18:25:38.412,9.78596,9.78822,1.00,1.00
2016.11.23 18:25:39.717,9.78607,9.78831,1.00,1.00
2016.11.23 18:25:40.020,9.78592,9.78836,1.00,1.00
2016.11.23 18:25:40.745,9.78593,9.78837,1.00,1.00
2016.11.23 18:25:41.768,9.78593,9.78839,1.00,1.00
2016.11.23 18:25:41.931,9.78605,9.78829,1.00,1.00
2016.11.23 18:25:41.982,9.78593,9.78841,1.00,1.00
2016.11.23 18:25:48.411,9.78598,9.78842,1.00,1.00
2016.11.23 18:25:49.643,9.78606,9.7883,1.00,1.00
2016.11.23 18:25:56.693,9.78602,9.78844,1.00,1.00
2016.11.23 18:26:00.896,9.78618,9.78842,1.00,1.00
2016.11.23 18:26:01.199,9.78618,9.7884,1.00,1.00
2016.11.23 18:26:01.300,9.78618,9.78842,1.00,1.00
2016.11.23 18:26:02.088,9.78618,9.78841,1.00,1.00
2016.11.23 18:26:03.295,9.78618,9.78842,1.00,1.00
2016.11.23 18:26:05.620,9.78621,9.78847,1.00,1.50
2016.11.23 18:26:07.441,9.78608,9.78847,1.00,1.00
2016.11.23 18:26:07.492,9.78608,9.78852,1.00,1.00
2016.11.23 18:26:10.185,9.78621,9.78845,1.00,1.00
2016.11.23 18:26:11.723,9.78609,9.78854,1.00,1.00
2016.11.23 18:26:18.477,9.78614,9.78854,1.00,1.00
2016.11.23 18:26:21.340,9.78614,9.78856,1.00,1.00
2016.11.23 18:26:21.644,9.78614,9.78854,1.00,1.00
2016.11.23 18:26:21.847,9.78614,9.78856,1.00,1.00
2016.11.23 18:26:23.006,9.78617,9.78862,1.00,1.00
2016.11.23 18:26:23.258,9.78617,9.78864,1.00,1.00
2016.11.23 18:26:26.753,9.7862,9.78864,1.00,1.00
2016.11.23 18:26:28.303,9.78621,9.78864,1.00,1.00
2016.11.23 18:26:29.085,9.78638,9.78862,1.00,1.00
2016.11.23 18:26:29.137,9.78623,9.78874,1.00,1.00
2016.11.23 18:26:29.339,9.78631,9.78874,1.00,1.00
2016.11.23 18:26:29.442,9.78623,9.78874,1.00,1.00
2016.11.23 18:26:33.462,9.78626,9.78873,1.00,1.00
2016.11.23 18:26:41.454,9.78634,9.78884,1.00,1.00
2016.11.23 18:26:41.505,9.7865,9.78874,1.00,1.00
2016.11.23 18:26:43.278,9.78635,9.7888,1.00,1.00
2016.11.23 18:26:43.480,9.78648,9.78872,1.00,1.00
2016.11.23 18:26:45.127,9.78636,9.78884,1.00,1.00
2016.11.23 18:26:46.392,9.78649,9.78873,1.00,1.00
2016.11.23 18:26:46.443,9.78637,9.78887,1.00,1.00
2016.11.23 18:26:46.495,9.78637,9.78884,1.00,1.00
2016.11.23 18:26:46.655,9.78637,9.78887,1.00,1.00
2016.11.23 18:26:47.361,9.78654,9.78878,1.00,1.00
2016.11.23 18:26:48.492,9.78638,9.7888,1.00,1.00
2016.11.23 18:26:56.841,9.78654,9.7888,1.00,1.00
2016.11.23 18:26:57.278,9.78656,9.7888,1.00,1.00
2016.11.23 18:26:57.833,9.78645,9.78869,1.00,1.00
2016.11.23 18:27:01.999,9.78653,9.78877,1.00,1.00
2016.11.23 18:27:03.521,9.78654,9.78878,1.00,1.00
2016.11.23 18:27:06.135,9.78643,9.78867,1.00,1.00
2016.11.23 18:27:09.309,9.78643,9.78862,1.00,1.00
2016.11.23 18:27:09.359,9.78621,9.78845,1.00,1.00
2016.11.23 18:27:09.511,9.78621,9.7884,1.00,1.00
2016.11.23 18:27:10.044,9.78609,9.78833,1.00,1.00
2016.11.23 18:27:11.844,9.78605,9.78831,1.00,1.00
2016.11.23 18:27:13.752,9.78597,9.7883,1.00,1.00
2016.11.23 18:27:15.021,9.78586,9.7881,1.00,1.00
2016.11.23 18:27:16.106,9.78557,9.78781,1.00,1.00
2016.11.23 18:27:16.477,9.78547,9.78771,1.00,1.00
2016.11.23 18:27:16.780,9.78535,9.78759,1.00,1.00
2016.11.23 18:27:17.499,9.78548,9.78772,1.00,1.00
2016.11.23 18:27:18.561,9.78541,9.78765,1.00,1.00
2016.11.23 18:27:19.917,9.78555,9.78779,1.00,1.00
2016.11.23 18:27:20.937,9.78557,9.78781,1.00,1.00
2016.11.23 18:27:21.140,9.78573,9.78809,1.00,1.00
2016.11.23 18:27:21.242,9.78573,9.78824,1.00,1.00
2016.11.23 18:27:21.343,9.78593,9.78824,1.00,1.00
2016.11.23 18:27:21.445,9.78593,9.7883,1.00,1.00
2016.11.23 18:27:26.916,9.78606,9.7883,1.00,1.00
2016.11.23 18:27:33.275,9.78606,9.78825,1.00,1.00
2016.11.23 18:27:33.377,9.78606,9.7883,1.00,1.00
2016.11.23 18:27:33.611,9.78599,9.7883,1.00,1.00
2016.11.23 18:27:41.903,9.78605,9.78829,1.00,1.00
2016.11.23 18:27:48.621,9.78607,9.78833,1.00,1.00
2016.11.23 18:27:56.933,9.78604,9.78828,1.00,1.00
2016.11.23 18:27:57.493,9.78598,9.78822,1.00,1.00
2016.11.23 18:27:57.724,9.78581,9.7883,1.00,1.50
2016.11.23 18:27:57.775,9.78581,9.7882,1.00,1.00
2016.11.23 18:27:58.588,9.78573,9.78829,1.00,1.00
2016.11.23 18:27:58.639,9.78594,9.78818,1.00,1.00
2016.11.23 18:27:59.892,9.78604,9.7883,1.00,1.50
2016.11.23 18:27:59.994,9.78606,9.7883,1.00,1.00
2016.11.23 18:28:03.645,9.78607,9.78831,1.00,1.00
2016.11.23 18:28:11.964,9.78606,9.7883,1.00,1.00
2016.11.23 18:28:18.043,9.78596,9.7882,1.00,1.00
2016.11.23 18:28:18.721,9.78606,9.7883,1.00,1.00
2016.11.23 18:28:27.041,9.78609,9.78833,1.00,1.00
2016.11.23 18:28:33.702,9.78608,9.78832,1.00,1.00
2016.11.23 18:28:36.634,9.78596,9.7882,1.00,1.00
2016.11.23 18:28:36.938,9.78594,9.78818,1.00,1.00
2016.11.23 18:28:37.241,9.78603,9.78827,1.00,1.00
2016.11.23 18:28:38.158,9.78606,9.7883,1.00,1.00
2016.11.23 18:28:42.070,9.78603,9.78827,1.00,1.00
2016.11.23 18:28:46.356,9.78576,9.7883,1.00,1.00
2016.11.23 18:28:46.407,9.78601,9.78825,1.00,1.00
2016.11.23 18:28:48.778,9.78596,9.7882,1.00,1.00
2016.11.23 18:28:51.573,9.78598,9.78824,1.00,1.00
2016.11.23 18:28:53.083,9.78611,9.78835,1.00,1.00
2016.11.23 18:28:53.398,9.78606,9.78854,1.00,1.00
2016.11.23 18:28:54.362,9.78606,9.78844,1.00,1.00
2016.11.23 18:28:54.665,9.78623,9.78844,1.00,1.00
2016.11.23 18:28:54.953,9.78607,9.78844,1.00,1.00
2016.11.23 18:28:55.458,9.78617,9.78841,1.00,1.00
2016.11.23 18:28:57.072,9.78607,9.78844,1.00,1.00
2016.11.23 18:28:58.173,9.7862,9.78844,1.00,1.50
2016.11.23 18:28:58.577,9.78609,9.78844,1.00,1.00
2016.11.23 18:28:58.881,9.78609,9.78854,1.00,1.50
2016.11.23 18:28:58.931,9.78609,9.78842,1.00,1.00
2016.11.23 18:28:59.078,9.78609,9.78854,1.00,1.00
2016.11.23 18:28:59.130,9.78609,9.78873,1.00,1.00
2016.11.23 18:28:59.180,9.78658,9.78873,1.00,1.00
2016.11.23 18:28:59.231,9.78658,9.78882,1.00,1.00
2016.11.23 18:28:59.585,9.78669,9.78893,1.00,1.00
2016.11.23 18:29:00.102,9.78665,9.78889,1.00,1.00
2016.11.23 18:29:00.298,9.78618,9.78889,1.00,1.00
2016.11.23 18:29:00.349,9.7866,9.78884,1.00,1.00
2016.11.23 18:29:00.601,9.7864,9.78873,1.00,1.00
2016.11.23 18:29:01.026,9.78628,9.78873,1.00,1.00
2016.11.23 18:29:02.044,9.78618,9.78873,1.00,1.00
2016.11.23 18:29:02.549,9.78628,9.78873,1.00,1.00
2016.11.23 18:29:03.122,9.78617,9.78873,1.00,1.00
2016.11.23 18:29:03.425,9.78633,9.78873,1.00,1.00
2016.11.23 18:29:03.779,9.78665,9.78889,1.00,1.00
2016.11.23 18:29:04.082,9.78675,9.78899,1.00,1.00
2016.11.23 18:29:04.780,9.78687,9.78911,1.00,1.00
2016.11.23 18:29:07.362,9.78721,9.78935,1.00,1.00
2016.11.23 18:29:07.464,9.78721,9.78945,1.00,1.00
2016.11.23 18:29:07.605,9.78743,9.78976,1.00,1.00
2016.11.23 18:29:07.656,9.78743,9.78986,1.00,1.00
2016.11.23 18:29:07.808,9.78735,9.78959,1.00,1.00
2016.11.23 18:29:08.363,9.78761,9.78985,1.00,1.00
2016.11.23 18:29:08.565,9.78783,9.79009,1.00,1.00
2016.11.23 18:29:08.920,9.78801,9.79035,1.00,1.50
2016.11.23 18:29:09.627,9.78816,9.7904,1.00,1.00
2016.11.23 18:29:10.657,9.7883,9.79054,1.00,1.00
2016.11.23 18:29:10.708,9.78838,9.79067,1.00,1.50
2016.11.23 18:29:10.809,9.78844,9.79067,1.00,1.00
2016.11.23 18:29:10.860,9.78844,9.79084,1.00,1.00
2016.11.23 18:29:11.063,9.78844,9.79088,1.00,1.00
2016.11.23 18:29:11.801,9.78853,9.79106,1.00,1.00
2016.11.23 18:29:12.408,9.78853,9.79089,1.00,1.00
2016.11.23 18:29:13.183,9.78869,9.79093,1.00,1.00
2016.11.23 18:29:13.234,9.78873,9.79106,1.00,1.00
2016.11.23 18:29:13.386,9.78873,9.7911,1.00,1.00
2016.11.23 18:29:15.772,9.78916,9.79116,1.00,1.00
2016.11.23 18:29:15.923,9.78916,9.79127,1.00,1.00
2016.11.23 18:29:16.025,9.78916,9.7914,1.00,1.00
2016.11.23 18:29:16.786,9.7893,9.79171,1.00,1.00
2016.11.23 18:29:18.839,9.78943,9.79171,1.00,1.00
2016.11.23 18:29:19.534,9.78948,9.79197,1.00,1.00
2016.11.23 18:29:19.636,9.78958,9.79197,1.00,1.00
2016.11.23 18:29:19.939,9.78955,9.79186,1.00,1.00
2016.11.23 18:29:20.449,9.78955,9.79187,1.00,1.00
2016.11.23 18:29:25.902,9.78958,9.79193,1.00,1.00
2016.11.23 18:29:26.053,9.78958,9.79183,1.00,1.00
2016.11.23 18:29:26.399,9.7895,9.79174,1.00,1.00
2016.11.23 18:29:26.904,9.78955,9.79192,1.00,1.00
2016.11.23 18:29:27.117,9.78951,9.79192,1.00,1.00
2016.11.23 18:29:27.269,9.78946,9.79172,1.00,1.00
2016.11.23 18:29:27.851,9.78947,9.79171,1.00,1.00
2016.11.23 18:29:28.104,9.78951,9.7919,1.00,1.00
2016.11.23 18:29:28.155,9.78948,9.79172,1.00,1.00
2016.11.23 18:29:28.458,9.78958,9.79181,1.00,1.00
2016.11.23 18:29:28.964,9.78958,9.79182,1.00,1.00
2016.11.23 18:29:29.463,9.78961,9.79187,1.00,1.00
2016.11.23 18:29:29.614,9.78971,9.79198,1.00,1.00
2016.11.23 18:29:29.716,9.78973,9.79211,1.00,1.00
2016.11.23 18:29:29.766,9.78971,9.79198,1.00,1.00
2016.11.23 18:29:29.863,9.78976,9.79211,1.00,1.00
2016.11.23 18:29:30.368,9.78976,9.79201,1.00,1.00
2016.11.23 18:29:30.470,9.78968,9.79198,1.00,1.00
2016.11.23 18:29:33.119,9.78965,9.79212,1.00,1.00
2016.11.23 18:29:33.170,9.78963,9.79212,1.00,1.50
2016.11.23 18:29:33.813,9.78971,9.79198,1.00,1.00
2016.11.23 18:29:34.369,9.78982,9.79212,1.00,1.00
2016.11.23 18:29:34.471,9.78982,9.79223,1.00,1.00
2016.11.23 18:29:34.775,9.78982,9.7923,1.00,1.00
2016.11.23 18:29:42.143,9.78989,9.79224,1.00,1.00
2016.11.23 18:29:42.245,9.78993,9.79237,1.00,1.00
2016.11.23 18:29:42.598,9.78993,9.7924,1.00,1.00
2016.11.23 18:29:43.113,9.78993,9.79237,1.00,1.00
2016.11.23 18:29:43.666,9.78993,9.7924,1.00,1.00
2016.11.23 18:29:47.743,9.79087,9.7925,1.09,1.00
2016.11.23 18:29:47.794,9.79093,9.7925,1.00,1.00
2016.11.23 18:29:47.845,9.79106,9.7925,1.37,1.00
2016.11.23 18:29:47.997,9.79206,9.79359,1.00,1.00
2016.11.23 18:29:48.048,9.79271,9.79359,1.37,1.00
2016.11.23 18:29:48.099,9.79218,9.79419,1.37,1.00
2016.11.23 18:29:48.150,9.79226,9.79419,1.00,1.00
2016.11.23 18:29:48.251,9.79246,9.79442,1.00,1.00
2016.11.23 18:29:48.352,9.79218,9.79442,1.00,1.00
2016.11.23 18:29:48.403,9.79218,9.79437,1.00,1.00
2016.11.23 18:29:48.605,9.79218,9.79442,1.00,1.00
2016.11.23 18:29:49.150,9.79216,9.7944,1.00,1.00
2016.11.23 18:29:56.744,9.79237,9.79461,1.00,1.00
2016.11.23 18:29:56.846,9.79247,9.79473,1.00,1.00
2016.11.23 18:29:56.947,9.7926,9.79486,1.00,1.00
2016.11.23 18:29:57.351,9.79282,9.79506,1.00,1.00
2016.11.23 18:29:57.735,9.79296,9.7952,1.00,1.00
2016.11.23 18:30:00.633,9.79308,9.79532,1.00,1.00
2016.11.23 18:30:03.893,9.79312,9.79536,1.00,1.00
2016.11.23 18:30:04.303,9.79318,9.79542,1.00,1.00
2016.11.23 18:30:04.902,9.79313,9.79537,1.00,1.00
2016.11.23 18:30:05.206,9.79338,9.79562,1.00,1.00
2016.11.23 18:30:12.239,9.79336,9.7956,1.00,1.00
2016.11.23 18:30:16.769,9.79325,9.79549,1.00,1.00
2016.11.23 18:30:18.457,9.79315,9.79539,1.00,1.00
2016.11.23 18:30:19.414,9.79312,9.79536,1.00,1.00
2016.11.23 18:30:21.115,9.79304,9.79528,1.00,1.00
2016.11.23 18:30:21.634,9.79291,9.79515,1.00,1.00
2016.11.23 18:30:21.974,9.7928,9.79504,1.00,1.00
2016.11.23 18:30:22.277,9.79269,9.79493,1.37,1.00
2016.11.23 18:30:22.581,9.79248,9.79472,1.37,1.00
2016.11.23 18:30:22.833,9.79248,9.79472,1.00,1.00
2016.11.23 18:30:23.389,9.79247,9.79471,1.00,1.00
2016.11.23 18:30:27.278,9.79248,9.79472,1.00,1.00
2016.11.23 18:30:27.836,9.79248,9.79472,1.37,1.00
2016.11.23 18:30:29.139,9.79248,9.79472,1.00,1.00
2016.11.23 18:30:33.979,9.79246,9.79472,1.00,1.00
2016.11.23 18:30:42.262,9.79249,9.79473,1.00,1.00
2016.11.23 18:30:42.818,9.79246,9.79474,1.00,1.00
2016.11.23 18:30:43.374,9.79258,9.79478,1.00,1.00
2016.11.23 18:30:43.527,9.79258,9.79482,1.00,1.00
2016.11.23 18:30:43.830,9.79267,9.79489,1.00,1.00
2016.11.23 18:30:46.404,9.79267,9.79493,1.00,1.00
2016.11.23 18:30:48.971,9.79267,9.79491,1.00,1.00
2016.11.23 18:30:58.140,9.79279,9.795,1.00,1.00
2016.11.23 18:30:58.241,9.79279,9.79503,1.00,1.00
2016.11.23 18:30:58.394,9.79265,9.79489,1.29,1.00
2016.11.23 18:30:58.547,9.7929,9.79512,1.00,1.00
2016.11.23 18:30:58.649,9.7929,9.79514,1.00,1.00
2016.11.23 18:30:59.207,9.79313,9.79531,1.00,1.00
2016.11.23 18:30:59.564,9.79334,9.79541,1.00,1.00
2016.11.23 18:30:59.666,9.79334,9.79557,1.00,1.00
2016.11.23 18:31:00.172,9.79334,9.79558,1.00,1.00
2016.11.23 18:31:00.223,9.79346,9.7957,1.00,1.00
2016.11.23 18:31:04.005,9.79352,9.79576,1.00,1.00
2016.11.23 18:31:08.296,9.79356,9.79577,1.00,1.00
2016.11.23 18:31:08.347,9.79346,9.7957,1.00,1.00
2016.11.23 18:31:09.249,9.79346,9.79568,1.00,1.00
2016.11.23 18:31:09.486,9.79346,9.7957,1.00,1.00
2016.11.23 18:31:12.340,9.79349,9.79573,1.00,1.00
2016.11.23 18:31:17.460,9.79349,9.79568,1.00,1.00
2016.11.23 18:31:17.561,9.79349,9.79573,1.00,1.00
2016.11.23 18:31:18.215,9.79356,9.79577,1.00,1.00
2016.11.23 18:31:18.266,9.79356,9.7958,1.00,1.00
2016.11.23 18:31:19.031,9.79363,9.79587,1.00,1.00
2016.11.23 18:31:19.352,9.79384,9.79605,1.00,1.00
2016.11.23 18:31:23.285,9.79384,9.79609,1.00,1.00
2016.11.23 18:31:26.597,9.79407,9.79609,1.00,1.00
2016.11.23 18:31:26.699,9.79407,9.79625,1.00,1.00
2016.11.23 18:31:26.801,9.79407,9.79633,1.00,1.00
2016.11.23 18:31:26.853,9.79356,9.79568,1.00,1.00
2016.11.23 18:31:27.095,9.79353,9.7957,1.00,1.00
2016.11.23 18:31:27.146,9.79337,9.79538,1.00,1.00
2016.11.23 18:31:27.196,9.79314,9.79538,1.00,1.00
2016.11.23 18:31:27.298,9.79314,9.7953,1.00,1.00
2016.11.23 18:31:27.602,9.79276,9.7953,1.00,1.00
2016.11.23 18:31:27.703,9.79276,9.79521,1.00,1.00
2016.11.23 18:31:28.006,9.7927,9.79499,1.00,1.00
2016.11.23 18:31:28.310,9.79247,9.79471,1.00,1.00
2016.11.23 18:31:30.144,9.79236,9.7946,1.00,1.00
2016.11.23 18:31:32.261,9.79215,9.79443,1.00,1.00
2016.11.23 18:31:34.089,9.79223,9.79447,1.00,1.00
2016.11.23 18:31:35.074,9.79227,9.79451,1.00,1.00
2016.11.23 18:31:42.390,9.79209,9.79433,1.00,1.00
2016.11.23 18:31:42.693,9.79212,9.79436,1.00,1.00
2016.11.23 18:31:43.540,9.79188,9.79433,1.00,1.00
2016.11.23 18:31:43.591,9.7922,9.79444,1.00,1.00
2016.11.23 18:31:43.642,9.79208,9.79433,1.00,1.00
2016.11.23 18:31:49.208,9.79217,9.7945,1.00,1.00
2016.11.23 18:31:49.460,9.79217,9.79459,1.00,1.00
2016.11.23 18:31:49.738,9.79221,9.79462,1.00,1.00
2016.11.23 18:31:50.041,9.79225,9.79459,1.00,1.00
2016.11.23 18:31:50.144,9.79233,9.79474,1.00,1.00
2016.11.23 18:31:54.693,9.79216,9.79474,1.00,1.00
2016.11.23 18:31:54.845,9.79216,9.79463,1.50,1.00
2016.11.23 18:31:55.149,9.79234,9.79475,1.00,1.00
2016.11.23 18:31:57.412,9.7924,9.79475,1.00,1.00
2016.11.23 18:31:57.848,9.79242,9.79466,1.00,1.00
2016.11.23 18:31:58.105,9.79234,9.79475,1.00,1.00
2016.11.23 18:31:58.156,9.79243,9.79467,1.00,1.00
2016.11.23 18:31:59.992,9.79236,9.79475,1.00,1.00
2016.11.23 18:32:00.725,9.79241,9.79465,1.00,1.00
2016.11.23 18:32:01.258,9.79235,9.79475,1.00,1.00
2016.11.23 18:32:01.991,9.7924,9.79464,1.00,1.00
2016.11.23 18:32:02.042,9.79234,9.79475,1.00,1.00
2016.11.23 18:32:02.791,9.7924,9.79464,1.00,1.00
2016.11.23 18:32:02.999,9.79235,9.79475,1.00,1.00
2016.11.23 18:32:03.580,9.79241,9.79465,1.00,1.00
2016.11.23 18:32:03.632,9.79233,9.79475,1.00,1.00
2016.11.23 18:32:03.785,9.79241,9.79465,1.00,1.00
2016.11.23 18:32:04.153,9.79235,9.79475,1.00,1.00
2016.11.23 18:32:06.188,9.79216,9.79475,1.00,1.00
2016.11.23 18:32:06.239,9.79229,9.79475,1.00,1.00
2016.11.23 18:32:06.593,9.7923,9.79459,1.00,1.00
2016.11.23 18:32:06.645,9.79208,9.79462,1.00,1.00
2016.11.23 18:32:07.151,9.79231,9.79462,1.00,1.00
2016.11.23 18:32:07.202,9.79231,9.79472,1.00,1.00
2016.11.23 18:32:08.888,9.79236,9.7946,1.00,1.00
2016.11.23 18:32:11.258,9.79216,9.79472,1.00,1.00
2016.11.23 18:32:11.410,9.79216,9.79462,1.00,1.00
2016.11.23 18:32:11.713,9.79225,9.79458,1.00,1.00
2016.11.23 18:32:11.764,9.79209,9.79472,1.00,1.00
2016.11.23 18:32:11.815,9.79209,9.79462,1.00,1.00
2016.11.23 18:32:12.118,9.79206,9.79473,1.00,1.50
2016.11.23 18:32:12.284,9.79206,9.79461,1.00,1.00
2016.11.23 18:32:12.587,9.79226,9.79461,1.00,1.00
2016.11.23 18:32:19.188,9.79226,9.79458,1.00,1.00
2016.11.23 18:32:19.948,9.7922,9.79458,1.00,1.00
2016.11.23 18:32:20.100,9.7922,9.79451,1.00,1.00
2016.11.23 18:32:20.302,9.7922,9.79458,1.00,1.00
2016.11.23 18:32:20.687,9.7922,9.79453,1.00,1.00
2016.11.23 18:32:20.788,9.7922,9.79458,1.00,1.00
2016.11.23 18:32:27.494,9.79227,9.79451,1.00,1.00
2016.11.23 18:32:33.580,9.79239,9.79459,1.00,1.00
2016.11.23 18:32:33.631,9.79239,9.79463,1.00,1.00
2016.11.23 18:32:33.783,9.79203,9.79459,1.00,1.00
2016.11.23 18:32:33.846,9.79203,9.79459,1.00,1.15
2016.11.23 18:32:33.948,9.79203,9.79457,1.00,1.00
2016.11.23 18:32:34.050,9.79203,9.79446,1.00,1.00
2016.11.23 18:32:34.353,9.79203,9.79436,1.00,1.00
2016.11.23 18:32:34.656,9.79203,9.79446,1.00,1.00
2016.11.23 18:32:42.502,9.79213,9.79446,1.00,1.00
2016.11.23 18:32:42.767,9.79209,9.79446,1.00,1.00
2016.11.23 18:32:43.121,9.79216,9.7944,1.00,1.00
2016.11.23 18:32:43.171,9.79203,9.79446,1.00,1.00
2016.11.23 18:32:43.222,9.79203,9.79454,1.00,1.00
2016.11.23 18:32:43.525,9.79219,9.79443,1.00,1.00
2016.11.23 18:33:27.642,9.79211,9.79435,1.00,1.00
2016.11.23 18:33:28.634,9.79209,9.79433,1.00,1.00
2016.11.23 18:33:34.350,9.79204,9.7943,1.00,1.00
2016.11.23 18:33:42.646,9.79206,9.79432,1.00,1.00
2016.11.23 18:33:49.436,9.79205,9.79429,1.00,1.00
2016.11.23 18:33:57.673,9.79204,9.79428,1.00,1.00
2016.11.23 18:34:04.386,9.79206,9.7943,1.00,1.00
2016.11.23 18:34:12.705,9.79208,9.79432,1.00,1.00
2016.11.23 18:34:27.757,9.79206,9.7943,1.00,1.00
2016.11.23 18:34:34.440,9.79202,9.79428,1.00,1.00
2016.11.23 18:34:42.281,9.79213,9.79442,1.00,1.00
2016.11.23 18:34:42.382,9.79207,9.79431,1.00,1.00
2016.11.23 18:34:43.402,9.79206,9.7943,1.00,1.00
2016.11.23 18:34:49.453,9.79201,9.79425,1.00,1.00
2016.11.23 18:34:53.762,9.79194,9.79418,1.00,1.00
2016.11.23 18:34:57.819,9.79193,9.79417,1.00,1.00
2016.11.23 18:35:04.504,9.79192,9.79416,1.00,1.00
2016.11.23 18:35:08.922,9.79179,9.79424,1.00,1.00
2016.11.23 18:35:09.023,9.79179,9.7942,1.00,1.00
2016.11.23 18:35:09.327,9.79179,9.79416,1.00,1.00
2016.11.23 18:35:09.731,9.79179,9.79405,1.00,1.00
2016.11.23 18:35:09.934,9.7916,9.79416,1.00,1.00
2016.11.23 18:35:10.133,9.7916,9.79405,1.00,1.00
2016.11.23 18:35:10.639,9.7916,9.79406,1.00,1.00
2016.11.23 18:35:11.012,9.7916,9.79396,1.00,1.00
2016.11.23 18:35:12.405,9.7916,9.79407,1.00,1.00
2016.11.23 18:35:12.848,9.79154,9.79407,1.00,1.00
2016.11.23 18:35:14.745,9.79154,9.79397,1.00,1.00
2016.11.23 18:35:15.951,9.79154,9.79411,1.00,1.00
2016.11.23 18:35:16.053,9.79154,9.79407,1.00,1.00
2016.11.23 18:35:16.376,9.79154,9.79396,1.00,1.00
2016.11.23 18:35:18.368,9.79154,9.79409,1.00,1.00
2016.11.23 18:35:18.520,9.79154,9.79398,1.00,1.00
2016.11.23 18:35:18.622,9.79154,9.79408,1.00,1.00
2016.11.23 18:35:19.028,9.79154,9.79399,1.00,1.00
2016.11.23 18:35:19.333,9.79167,9.79409,1.00,1.00
2016.11.23 18:35:19.636,9.79167,9.79399,1.00,1.00
2016.11.23 18:35:19.742,9.79167,9.79409,1.00,1.00
2016.11.23 18:35:20.044,9.79165,9.79409,1.00,1.00
2016.11.23 18:35:20.765,9.79165,9.79399,1.00,1.00
2016.11.23 18:35:21.169,9.79165,9.79409,1.00,1.00
2016.11.23 18:35:21.573,9.79167,9.79409,1.00,1.00
2016.11.23 18:35:22.051,9.79167,9.79399,1.00,1.00
2016.11.23 18:35:22.283,9.79167,9.7941,1.00,1.00
2016.11.23 18:35:22.384,9.79167,9.79399,1.00,1.00
2016.11.23 18:35:22.636,9.79167,9.79409,1.00,1.00
2016.11.23 18:35:23.244,9.79167,9.79401,1.00,1.00
2016.11.23 18:35:23.447,9.79167,9.79411,1.00,1.00
2016.11.23 18:35:23.649,9.79167,9.79401,1.00,1.00
2016.11.23 18:35:25.521,9.79168,9.79392,1.00,1.00
2016.11.23 18:35:26.610,9.79154,9.79407,1.00,1.00
2016.11.23 18:35:27.840,9.79153,9.79406,1.00,1.00
2016.11.23 18:35:31.464,9.79158,9.79403,1.00,1.00
2016.11.23 18:35:31.803,9.79158,9.79399,1.00,1.00
2016.11.23 18:35:32.810,9.79158,9.79403,1.00,1.00
2016.11.23 18:35:33.012,9.79158,9.79397,1.00,1.00
2016.11.23 18:35:34.296,9.79158,9.79403,1.00,1.00
2016.11.23 18:35:34.550,9.79159,9.79401,1.00,1.00
2016.11.23 18:35:34.853,9.79159,9.79398,1.00,1.00
2016.11.23 18:35:37.264,9.79159,9.79383,1.00,1.00
2016.11.23 18:35:40.770,9.79158,9.79382,1.00,1.00
2016.11.23 18:35:42.182,9.79149,9.79396,1.00,1.00
2016.11.23 18:35:42.687,9.79148,9.79396,1.00,1.00
2016.11.23 18:35:43.193,9.79157,9.79381,1.00,1.00
2016.11.23 18:35:43.499,9.79148,9.79397,1.00,1.00
2016.11.23 18:35:43.550,9.79156,9.79382,1.00,1.00
2016.11.23 18:35:43.737,9.79149,9.79396,1.00,1.00
2016.11.23 18:35:44.341,9.79157,9.79381,1.00,1.00
2016.11.23 18:35:44.594,9.7915,9.79396,1.00,1.00
2016.11.23 18:35:44.645,9.79146,9.79395,1.00,1.00
2016.11.23 18:35:44.747,9.79157,9.79381,1.00,1.00
2016.11.23 18:35:45.566,9.7915,9.79395,1.00,1.00
2016.11.23 18:35:45.667,9.79158,9.79384,1.00,1.00
2016.11.23 18:35:45.794,9.7915,9.79395,1.00,1.00
2016.11.23 18:35:46.563,9.79159,9.79383,1.00,1.00
2016.11.23 18:35:47.311,9.7915,9.79394,1.00,1.00
2016.11.23 18:35:49.266,9.79157,9.79383,1.00,1.00
2016.11.23 18:35:57.941,9.7915,9.79374,1.00,1.00
2016.11.23 18:36:04.603,9.79148,9.79372,1.00,1.00
2016.11.23 18:36:08.760,9.79139,9.79383,1.00,1.00
2016.11.23 18:36:08.862,9.79139,9.79378,1.00,1.00
2016.11.23 18:36:09.629,9.79144,9.79368,1.00,1.00
2016.11.23 18:36:10.589,9.79142,9.79368,1.00,1.00
2016.11.23 18:36:35.036,9.79141,9.79365,1.00,1.60
2016.11.23 18:36:35.339,9.79141,9.79349,1.00,2.10
2016.11.23 18:36:36.059,9.79109,9.79348,1.00,2.10
2016.11.23 18:36:42.985,9.79106,9.79348,1.00,2.10
2016.11.23 18:36:50.593,9.79106,9.7935,1.00,2.10
2016.11.23 18:36:54.002,9.79106,9.79348,1.00,2.10
2016.11.23 18:36:58.075,9.79105,9.79348,1.00,2.10
2016.11.23 18:37:05.294,9.79106,9.7933,1.00,1.60
2016.11.23 18:37:13.045,9.79105,9.79329,1.00,1.60
2016.11.23 18:37:16.236,9.79103,9.79327,1.00,1.60
2016.11.23 18:37:24.356,9.79103,9.79327,1.00,1.60
2016.11.23 18:37:24.659,9.79103,9.79327,1.00,1.60
2016.11.23 18:37:24.865,9.79103,9.79327,1.00,1.60
2016.11.23 18:37:34.786,9.79101,9.79325,1.00,1.60
2016.11.23 18:37:57.229,9.7908,9.79329,1.00,1.60
2016.11.23 18:37:57.280,9.79094,9.7932,1.00,1.60
2016.11.23 18:37:57.766,9.79094,9.7932,1.00,1.60
2016.11.23 18:37:58.268,9.79101,9.79325,1.00,1.60
2016.11.23 18:38:04.844,9.79102,9.79326,1.00,1.60
2016.11.23 18:38:07.832,9.79102,9.79326,1.00,1.60
2016.11.23 18:38:08.328,9.79102,9.79326,1.00,1.60
2016.11.23 18:38:08.379,9.79102,9.79326,1.00,1.60
2016.11.23 18:38:08.886,9.79102,9.79326,1.00,1.60
2016.11.23 18:38:10.340,9.79102,9.79326,1.00,1.60
2016.11.23 18:38:12.777,9.79102,9.79326,1.00,1.60
2016.11.23 18:38:12.828,9.79102,9.79326,1.00,1.60
2016.11.23 18:38:13.188,9.79101,9.79325,1.00,1.60
2016.11.23 18:38:15.695,9.79084,9.79328,1.00,1.60
2016.11.23 18:38:15.798,9.79084,9.79328,1.00,1.60
2016.11.23 18:38:16.260,9.79097,9.79321,1.00,1.60
2016.11.23 18:38:16.311,9.79097,9.79321,1.00,1.60
2016.11.23 18:38:19.873,9.791,9.79324,1.00,1.60
2016.11.23 18:38:21.864,9.791,9.79324,1.00,1.60
2016.11.23 18:38:22.076,9.791,9.79324,1.00,1.60
2016.11.23 18:38:22.126,9.791,9.79324,1.00,1.60
2016.11.23 18:38:24.897,9.791,9.79324,1.00,1.60
2016.11.23 18:38:24.948,9.791,9.79324,1.00,1.60
2016.11.23 18:38:38.897,9.791,9.79324,1.00,1.60
2016.11.23 18:38:39.351,9.791,9.79324,1.00,1.60
2016.11.23 18:38:39.402,9.791,9.79324,1.00,1.60
2016.11.23 18:38:43.227,9.79101,9.79325,1.00,1.60
2016.11.23 18:38:51.498,9.79101,9.79325,1.00,1.60
2016.11.23 18:38:54.375,9.79101,9.79325,1.00,1.60
2016.11.23 18:38:54.697,9.79101,9.79325,1.00,1.60
2016.11.23 18:39:01.511,9.79101,9.79325,1.00,1.60
2016.11.23 18:39:04.964,9.79103,9.79327,1.00,1.60
2016.11.23 18:39:08.694,9.79103,9.79327,1.00,1.60
2016.11.23 18:39:09.168,9.79103,9.79327,1.00,1.60
2016.11.23 18:39:09.219,9.79103,9.79327,1.00,1.60
2016.11.23 18:39:09.791,9.79103,9.79327,1.00,1.60
2016.11.23 18:39:13.287,9.79102,9.79326,1.00,1.60
2016.11.23 18:39:31.538,9.79102,9.79326,1.00,1.00
2016.11.23 18:39:31.588,9.79092,9.79316,1.00,1.00
2016.11.23 18:39:31.892,9.79081,9.79305,1.00,1.00
2016.11.23 18:39:35.024,9.79088,9.79312,1.00,1.00
2016.11.23 18:39:36.879,9.79091,9.79315,1.00,1.00
2016.11.23 18:39:43.345,9.79095,9.79321,1.00,1.00
2016.11.23 18:39:49.340,9.79098,9.79324,1.00,1.00
2016.11.23 18:39:49.644,9.79089,9.79313,1.00,1.00
2016.11.23 18:39:50.446,9.79086,9.7931,1.00,1.00
2016.11.23 18:39:58.419,9.79094,9.79318,1.00,1.00
2016.11.23 18:40:05.094,9.79095,9.79319,1.00,1.00
2016.11.23 18:40:13.437,9.79096,9.7932,1.00,1.00
2016.11.23 18:40:28.454,9.79093,9.79317,1.00,1.00
2016.11.23 18:40:29.623,9.79086,9.7931,1.00,1.00
2016.11.23 18:40:35.183,9.79092,9.79316,1.00,1.00
2016.11.23 18:40:43.462,9.79091,9.79315,1.00,1.00
2016.11.23 18:40:50.206,9.79088,9.79314,1.00,1.00
2016.11.23 18:40:58.532,9.79086,9.79312,1.00,1.00
2016.11.23 18:41:05.247,9.79088,9.79312,1.00,1.00
2016.11.23 18:41:13.533,9.79092,9.79316,1.00,1.00
2016.11.23 18:41:20.234,9.79093,9.79317,1.00,1.00
2016.11.23 18:41:28.553,9.79095,9.79319,1.00,1.00
2016.11.23 18:41:43.586,9.79094,9.79318,1.00,1.00
2016.11.23 18:41:50.291,9.79092,9.79316,1.00,1.00
2016.11.23 18:41:57.868,9.79083,9.79307,1.00,1.00
2016.11.23 18:41:58.877,9.79086,9.7931,1.00,1.00
2016.11.23 18:41:59.231,9.79091,9.79315,1.00,1.00
2016.11.23 18:41:59.873,9.79096,9.7932,1.00,1.00
2016.11.23 18:42:05.345,9.79093,9.79317,1.00,1.00
2016.11.23 18:42:13.691,9.79095,9.79319,1.00,1.00
2016.11.23 18:42:22.098,9.79095,9.79318,1.00,1.00
2016.11.23 18:42:22.641,9.79095,9.79319,1.00,1.00
2016.11.23 18:42:28.698,9.79101,9.79325,1.00,1.00
2016.11.23 18:42:35.381,9.79097,9.79321,1.00,1.00
2016.11.23 18:42:50.411,9.79098,9.79322,1.00,1.00
2016.11.23 18:43:05.441,9.79095,9.79319,1.00,1.00
2016.11.23 18:43:28.796,9.79094,9.79318,1.00,1.00
2016.11.23 18:43:35.533,9.79092,9.79316,1.00,1.00
2016.11.23 18:43:38.242,9.79084,9.79308,1.00,1.00
2016.11.23 18:43:39.252,9.79082,9.79306,1.00,1.00
2016.11.23 18:43:43.823,9.79083,9.79307,1.00,1.00
2016.11.23 18:43:50.560,9.79084,9.79308,1.00,1.00
2016.11.23 18:43:58.855,9.79088,9.79312,1.00,1.00
2016.11.23 18:44:05.589,9.79092,9.79316,1.00,1.00
2016.11.23 18:44:20.641,9.79093,9.79317,1.00,1.00
2016.11.23 18:44:28.955,9.79091,9.79315,1.00,1.00
2016.11.23 18:44:29.258,9.79102,9.79326,1.00,1.00
2016.11.23 18:44:30.611,9.79104,9.79328,1.00,1.00
2016.11.23 18:44:43.993,9.79097,9.79321,1.00,1.00
2016.11.23 18:44:49.415,9.79094,9.79318,1.00,1.00
2016.11.23 18:44:49.718,9.79089,9.79313,1.00,1.00
2016.11.23 18:44:50.675,9.79086,9.7931,1.00,1.00
2016.11.23 18:45:05.345,9.79088,9.79312,1.00,1.00
2016.11.23 18:45:05.552,9.79063,9.79316,1.00,1.00
2016.11.23 18:45:05.905,9.79075,9.79316,1.00,1.00
2016.11.23 18:45:06.209,9.79062,9.79316,1.00,1.00
2016.11.23 18:45:06.360,9.79088,9.79312,1.00,1.00
2016.11.23 18:45:14.045,9.79086,9.7931,1.00,1.00
2016.11.23 18:45:21.562,9.79097,9.79321,1.00,1.00
2016.11.23 18:45:29.057,9.79101,9.79325,1.00,1.00
2016.11.23 18:45:35.751,9.79103,9.79327,1.00,1.00
2016.11.23 18:45:59.100,9.79105,9.79329,1.00,1.00
2016.11.23 18:46:05.852,9.79101,9.79325,1.00,1.00
2016.11.23 18:46:10.346,9.79156,9.79367,1.00,1.00
2016.11.23 18:46:10.447,9.79156,9.79374,1.00,1.00
2016.11.23 18:46:10.549,9.79156,9.7938,1.00,1.00
2016.11.23 18:46:10.600,9.79216,9.79394,1.00,1.00
2016.11.23 18:46:10.752,9.79274,9.79455,1.00,1.00
2016.11.23 18:46:10.844,9.79274,9.79498,1.00,1.00
2016.11.23 18:46:10.946,9.79312,9.79536,1.00,1.00
2016.11.23 18:46:13.356,9.79301,9.79525,1.00,1.00
2016.11.23 18:46:13.660,9.79301,9.79525,1.37,1.00
2016.11.23 18:46:14.024,9.79301,9.79525,1.00,1.00
2016.11.23 18:46:14.543,9.793,9.79524,1.00,1.00
2016.11.23 18:46:18.023,9.793,9.79524,1.37,1.00
2016.11.23 18:46:18.865,9.793,9.79524,1.37,1.00
2016.11.23 18:46:19.370,9.793,9.79524,1.37,1.00
2016.11.23 18:46:20.840,9.79303,9.79529,1.37,1.00
2016.11.23 18:46:26.362,9.79303,9.79529,1.37,1.00
2016.11.23 18:46:28.045,9.79303,9.79529,1.37,1.00
2016.11.23 18:46:29.164,9.79303,9.79527,1.37,1.00
2016.11.23 18:46:29.850,9.79303,9.79527,1.37,1.00
2016.11.23 18:46:31.086,9.79303,9.79527,1.37,1.00
2016.11.23 18:46:44.207,9.79304,9.79528,1.37,1.00
2016.11.23 18:46:50.939,9.79302,9.79526,1.37,1.00
2016.11.23 18:46:54.768,9.79302,9.79526,1.37,1.00
2016.11.23 18:46:56.097,9.79302,9.79526,1.37,1.00
2016.11.23 18:46:59.253,9.79298,9.79522,1.37,1.00
2016.11.23 18:46:59.607,9.79298,9.79522,1.00,1.00
2016.11.23 18:47:00.752,9.7929,9.79514,1.00,1.00
2016.11.23 18:47:01.749,9.79287,9.79511,1.00,1.00
2016.11.23 18:47:02.798,9.79284,9.79508,1.12,1.00
2016.11.23 18:47:03.103,9.79265,9.79489,1.37,1.00
2016.11.23 18:47:03.319,9.79265,9.79489,1.37,1.00
2016.11.23 18:47:03.824,9.79271,9.79495,1.37,1.00
2016.11.23 18:47:05.923,9.79269,9.79493,1.37,1.00
2016.11.23 18:47:10.867,9.79269,9.79493,1.37,1.00
2016.11.23 18:47:13.904,9.79283,9.79507,1.37,1.00
2016.11.23 18:47:20.953,9.79275,9.79501,1.37,1.00
2016.11.23 18:47:21.155,9.79275,9.79501,1.00,1.00
2016.11.23 18:47:21.206,9.79265,9.79489,1.00,1.00
2016.11.23 18:47:22.190,9.79261,9.79485,1.37,1.00
2016.11.23 18:47:29.298,9.79256,9.7948,1.37,1.00
2016.11.23 18:47:29.854,9.79256,9.7948,1.37,1.00
2016.11.23 18:47:30.357,9.79255,9.79479,1.37,1.00
2016.11.23 18:47:40.036,9.79255,9.79479,1.37,1.00
2016.11.23 18:47:42.560,9.79255,9.79479,1.37,1.00
2016.11.23 18:47:42.943,9.79255,9.79479,1.37,1.00
2016.11.23 18:47:43.350,9.79255,9.79479,1.37,1.00
2016.11.23 18:47:44.314,9.79258,9.79484,1.00,1.00
2016.11.23 18:47:44.364,9.79258,9.79484,1.37,1.00
2016.11.23 18:47:44.567,9.79258,9.79484,1.37,1.00
2016.11.23 18:47:45.072,9.79258,9.79484,1.00,1.00
2016.11.23 18:47:46.055,9.79258,9.79484,1.37,1.00
2016.11.23 18:47:46.358,9.79258,9.79484,1.37,1.00
2016.11.23 18:47:51.044,9.79256,9.7948,1.37,1.00
2016.11.23 18:47:51.398,9.79256,9.7948,1.37,1.00
2016.11.23 18:47:52.560,9.79256,9.7948,1.37,1.00
2016.11.23 18:47:59.155,9.79277,9.79501,1.00,1.00
2016.11.23 18:48:06.084,9.79268,9.79492,1.12,1.00
2016.11.23 18:48:11.111,9.79268,9.79492,1.37,1.00
2016.11.23 18:48:12.341,9.79262,9.79486,1.37,1.00
2016.11.23 18:48:14.093,9.79262,9.79486,1.37,1.00
2016.11.23 18:48:14.396,9.79258,9.79482,1.37,1.00
2016.11.23 18:48:19.350,9.79279,9.79503,1.00,1.00
2016.11.23 18:48:19.653,9.79269,9.79493,1.00,1.00
2016.11.23 18:48:19.983,9.79269,9.79493,1.37,1.00
2016.11.23 18:48:21.073,9.79264,9.79488,1.37,1.00
2016.11.23 18:48:21.377,9.79258,9.79482,1.37,1.00
2016.11.23 18:48:25.585,9.79258,9.79482,1.37,1.00
2016.11.23 18:48:36.103,9.79255,9.79479,1.37,1.00
2016.11.23 18:48:41.140,9.79255,9.79479,1.37,1.00
2016.11.23 18:48:48.510,9.79265,9.79489,1.00,1.00
2016.11.23 18:48:48.561,9.79277,9.79501,1.00,1.00
2016.11.23 18:48:49.544,9.7928,9.79504,1.00,1.00
2016.11.23 18:48:51.153,9.79274,9.795,1.00,1.00
2016.11.23 18:48:59.455,9.7927,9.79496,1.00,1.00
2016.11.23 18:49:04.828,9.79264,9.79488,1.00,1.00
2016.11.23 18:49:05.842,9.79261,9.79485,1.00,1.00
2016.11.23 18:49:06.842,9.79257,9.79481,1.37,1.00
2016.11.23 18:49:16.111,9.79257,9.79481,1.00,1.00
2016.11.23 18:49:21.239,9.79255,9.79479,1.00,1.00
2016.11.23 18:49:27.504,9.79268,9.79492,1.00,1.00
2016.11.23 18:49:27.808,9.79278,9.79502,1.37,1.00
2016.11.23 18:49:28.146,9.79278,9.79502,1.00,1.00
2016.11.23 18:49:29.553,9.79279,9.79503,1.00,1.00
2016.11.23 18:49:29.654,9.7929,9.79514,1.00,1.00
2016.11.23 18:49:36.223,9.79291,9.79515,1.00,1.00
2016.11.23 18:49:39.250,9.793,9.79524,1.00,1.00
2016.11.23 18:49:44.594,9.79303,9.79527,1.00,1.00
2016.11.23 18:49:44.898,9.79312,9.79536,1.00,1.00
2016.11.23 18:49:51.299,9.79315,9.79539,1.00,1.00
2016.11.23 18:49:57.301,9.79295,9.79519,1.00,1.00
2016.11.23 18:49:57.605,9.79305,9.79529,1.00,1.00
2016.11.23 18:49:58.290,9.79316,9.7954,1.00,1.00
2016.11.23 18:50:06.281,9.79311,9.79535,1.00,1.00
2016.11.23 18:50:14.644,9.79312,9.79536,1.00,1.00
2016.11.23 18:50:21.311,9.79313,9.79537,1.00,1.00
2016.11.23 18:50:26.608,9.79302,9.79526,1.00,1.00
2016.11.23 18:50:26.912,9.79292,9.79516,1.00,1.00
2016.11.23 18:50:30.621,9.7928,9.79504,1.00,1.00
2016.11.23 18:50:30.924,9.79269,9.79493,1.00,1.00
2016.11.23 18:50:36.390,9.79271,9.79495,1.00,1.00
2016.11.23 18:50:44.710,9.79272,9.79496,1.00,1.00
2016.11.23 18:50:51.401,9.79274,9.79498,1.00,1.00
2016.11.23 18:50:52.081,9.7926,9.79493,1.00,1.00
2016.11.23 18:50:52.386,9.79273,9.79501,1.00,1.00
2016.11.23 18:50:59.711,9.79276,9.795,1.00,1.00
2016.11.23 18:50:59.813,9.79264,9.79493,1.00,1.00
2016.11.23 18:51:06.438,9.7926,9.79493,1.00,1.00
2016.11.23 18:51:09.205,9.79275,9.79501,1.00,1.00
2016.11.23 18:51:09.508,9.79277,9.79501,1.00,1.00
2016.11.23 18:51:10.302,9.79278,9.79502,1.00,1.00
2016.11.23 18:51:13.515,9.79268,9.79492,1.00,1.00
2016.11.23 18:51:13.818,9.7927,9.79494,1.00,1.00
2016.11.23 18:51:14.771,9.79279,9.79503,1.00,1.00
2016.11.23 18:51:15.768,9.79281,9.79505,1.00,1.00
2016.11.23 18:51:16.122,9.79265,9.79491,1.00,1.00
2016.11.23 18:51:16.816,9.79277,9.79501,1.00,1.00
2016.11.23 18:51:21.439,9.79283,9.79507,1.00,1.00
2016.11.23 18:51:29.798,9.79275,9.79499,1.00,1.00
2016.11.23 18:51:29.849,9.79279,9.7951,1.00,1.00
2016.11.23 18:51:29.900,9.79272,9.79496,1.00,1.00
2016.11.23 18:51:30.834,9.79278,9.79502,1.00,1.00
2016.11.23 18:51:31.829,9.79282,9.79506,1.00,1.00
2016.11.23 18:51:36.500,9.79274,9.79498,1.00,1.00
2016.11.23 18:51:36.803,9.7927,9.79494,1.00,1.00
2016.11.23 18:51:43.219,9.79278,9.79502,1.00,1.00
2016.11.23 18:51:43.522,9.79267,9.79491,1.00,1.00
2016.11.23 18:51:44.783,9.79262,9.79486,1.00,1.00
2016.11.23 18:51:51.522,9.79259,9.79483,1.00,1.00
2016.11.23 18:51:51.573,9.7927,9.79498,1.00,1.00
2016.11.23 18:51:52.794,9.79285,9.79509,1.00,1.00
2016.11.23 18:52:05.114,9.79268,9.79492,1.00,1.00
2016.11.23 18:52:06.099,9.79279,9.79503,1.00,1.00
2016.11.23 18:52:06.554,9.79273,9.79497,1.00,1.00
2016.11.23 18:52:06.897,9.79284,9.79508,1.00,1.00
2016.11.23 18:52:07.541,9.79289,9.79513,1.00,1.00
2016.11.23 18:52:07.694,9.79279,9.79524,1.00,1.00
2016.11.23 18:52:11.865,9.79297,9.79521,1.00,1.00
2016.11.23 18:52:11.967,9.79282,9.79527,1.00,1.00
2016.11.23 18:52:14.843,9.79283,9.79527,1.00,1.00
2016.11.23 18:52:14.906,9.79299,9.79523,1.00,1.00
2016.11.23 18:52:14.957,9.79284,9.79529,1.00,1.00
2016.11.23 18:52:15.008,9.79299,9.79523,1.00,1.00
2016.11.23 18:52:15.846,9.79284,9.79529,1.00,1.00
2016.11.23 18:52:15.907,9.79299,9.79523,1.00,1.00
2016.11.23 18:52:15.958,9.79284,9.79531,1.00,1.00
2016.11.23 18:52:18.452,9.79297,9.79521,1.00,1.00
2016.11.23 18:52:21.588,9.79301,9.79525,1.00,1.00
2016.11.23 18:52:22.562,9.79303,9.79527,1.00,1.00
2016.11.23 18:53:22.600,9.79278,9.79559,1.00,1.00
2016.11.23 18:53:23.332,9.79279,9.79558,1.00,1.00
2016.11.23 18:53:23.678,9.79303,9.79527,1.00,1.00
2016.11.23 18:53:36.701,9.793,9.79524,1.00,1.00
2016.11.23 18:53:45.037,9.79299,9.79523,1.00,1.00
2016.11.23 18:53:51.738,9.79298,9.79522,1.00,1.00
2016.11.23 18:54:00.064,9.79299,9.79523,1.00,1.00
2016.11.23 18:54:05.275,9.79288,9.79512,1.00,1.00
2016.11.23 18:54:05.598,9.79297,9.79521,1.00,1.00
2016.11.23 18:54:06.336,9.793,9.79524,1.00,1.00
2016.11.23 18:54:15.100,9.79297,9.79521,1.00,1.00
2016.11.23 18:54:30.144,9.79286,9.7951,1.00,1.00
2016.11.23 18:54:36.821,9.79293,9.79517,1.00,1.00
2016.11.23 18:54:37.286,9.79264,9.79465,1.00,1.00
2016.11.23 18:54:37.439,9.79237,9.79445,1.00,1.00
2016.11.23 18:54:37.540,9.79206,9.79437,1.00,1.00
2016.11.23 18:54:37.591,9.79198,9.79445,1.00,1.00
2016.11.23 18:54:37.642,9.79198,9.79445,1.00,1.37
2016.11.23 18:54:38.338,9.79199,9.79423,1.00,1.00
2016.11.23 18:54:45.271,9.79197,9.79421,1.00,1.00
2016.11.23 18:54:51.857,9.79198,9.79424,1.00,1.00
2016.11.23 18:54:59.446,9.79197,9.79444,1.00,1.00
2016.11.23 18:55:00.411,9.79201,9.79444,1.00,1.00
2016.11.23 18:55:03.210,9.79201,9.79454,1.00,1.00
2016.11.23 18:55:06.926,9.79193,9.79454,1.00,1.00
2016.11.23 18:55:07.917,9.79191,9.79454,1.00,1.00
2016.11.23 18:55:08.018,9.79191,9.79439,1.00,1.00
2016.11.23 18:55:10.389,9.79192,9.79439,1.00,1.00
2016.11.23 18:55:10.692,9.79206,9.7945,1.00,1.00
2016.11.23 18:55:11.557,9.79207,9.7945,1.00,1.00
2016.11.23 18:55:21.035,9.79206,9.7943,1.00,1.00
2016.11.23 18:55:21.911,9.79204,9.79446,1.00,1.00
2016.11.23 18:55:23.053,9.79206,9.7943,1.00,1.00
2016.11.23 18:55:29.223,9.79201,9.79427,1.00,1.00
2016.11.23 18:55:30.238,9.792,9.79441,1.00,1.00
2016.11.23 18:55:36.982,9.79202,9.79426,1.00,1.00
2016.11.23 18:55:45.355,9.79203,9.79427,1.00,1.00
2016.11.23 18:56:00.293,9.79202,9.79426,1.00,1.00
2016.11.23 18:56:06.304,9.79207,9.79431,1.00,1.00
2016.11.23 18:56:07.297,9.79197,9.79425,1.00,1.00
2016.11.23 18:56:07.398,9.7921,9.79434,1.00,1.00
2016.11.23 18:56:09.516,9.79193,9.79429,1.00,1.00
2016.11.23 18:56:09.668,9.79213,9.79437,1.00,1.00
2016.11.23 18:56:09.719,9.79193,9.79428,1.00,1.00
2016.11.23 18:56:09.820,9.79214,9.79438,1.00,1.00
2016.11.23 18:56:10.691,9.79203,9.79432,1.00,1.00
2016.11.23 18:56:15.322,9.79198,9.79425,1.00,1.00
2016.11.23 18:56:15.988,9.79198,9.79426,1.00,1.00
2016.11.23 18:56:33.883,9.79213,9.79437,1.00,1.00
2016.11.23 18:56:37.088,9.79201,9.79429,1.00,1.00
2016.11.23 18:56:37.139,9.79215,9.79439,1.00,1.00
2016.11.23 18:56:43.826,9.79203,9.79427,1.00,1.00
2016.11.23 18:56:43.978,9.79201,9.79467,1.00,1.00
2016.11.23 18:56:44.779,9.79219,9.79445,1.00,1.00
2016.11.23 18:56:45.121,9.79207,9.79431,1.00,1.00
2016.11.23 18:56:45.495,9.7922,9.79446,1.00,1.00
2016.11.23 18:56:46.453,9.79205,9.79436,1.00,1.00
2016.11.23 18:56:52.091,9.79216,9.7944,1.00,1.00
2016.11.23 18:56:52.192,9.79201,9.79432,1.00,1.00
2016.11.23 18:56:52.294,9.79214,9.79438,1.00,1.00
2016.11.23 18:57:00.458,9.79201,9.79434,1.00,1.00
2016.11.23 18:57:00.509,9.79216,9.7944,1.00,1.00
2016.11.23 18:57:07.179,9.79204,9.7944,1.00,1.00
2016.11.23 18:57:10.693,9.79201,9.7943,1.00,1.00
2016.11.23 18:57:13.908,9.79214,9.79438,1.00,1.00
2016.11.23 18:57:13.958,9.79201,9.79429,1.00,1.00
2016.11.23 18:57:14.942,9.79212,9.79436,1.00,1.00
2016.11.23 18:57:15.456,9.79203,9.79431,1.00,1.00
2016.11.23 18:57:15.569,9.79213,9.79437,1.00,1.00
2016.11.23 18:57:15.619,9.79201,9.79434,1.00,1.00
2016.11.23 18:57:15.720,9.79217,9.79441,1.00,1.00
2016.11.23 18:57:16.448,9.79202,9.79435,1.00,1.00
2016.11.23 18:57:22.151,9.792,9.79429,1.00,1.00
2016.11.23 18:57:28.326,9.79213,9.79437,1.00,1.00
2016.11.23 18:57:28.628,9.79218,9.79442,1.00,1.00
2016.11.23 18:57:28.892,9.79198,9.79436,1.00,1.00
2016.11.23 18:57:29.916,9.792,9.79432,1.00,1.00
2016.11.23 18:57:30.890,9.792,9.79436,1.00,1.00
2016.11.23 18:57:33.087,9.79203,9.79427,1.00,1.00
2016.11.23 18:57:33.138,9.79203,9.79431,1.00,1.00
2016.11.23 18:57:33.189,9.79203,9.79471,1.00,1.00
2016.11.23 18:57:34.118,9.79203,9.79433,1.00,1.00
2016.11.23 18:57:37.182,9.79203,9.79431,1.00,1.00
2016.11.23 18:57:37.592,9.79218,9.79442,1.00,1.00
2016.11.23 18:57:37.694,9.79207,9.79444,1.00,1.00
2016.11.23 18:57:45.503,9.79204,9.79438,1.00,1.00
2016.11.23 18:57:52.211,9.79203,9.79436,1.00,1.00
2016.11.23 18:58:00.535,9.79199,9.79437,1.00,1.00
2016.11.23 18:58:07.242,9.79199,9.79435,1.00,1.00
2016.11.23 18:58:13.962,9.79219,9.79443,1.00,1.00
2016.11.23 18:58:14.013,9.79207,9.79441,1.00,1.00
2016.11.23 18:58:15.563,9.79207,9.7944,1.00,1.00
2016.11.23 18:58:22.694,9.79205,9.79461,1.00,1.00
2016.11.23 18:58:23.199,9.79206,9.79461,1.00,1.00
2016.11.23 18:58:23.383,9.79206,9.7948,1.50,1.00
2016.11.23 18:58:23.486,9.79207,9.79453,1.00,1.00
2016.11.23 18:58:28.090,9.79233,9.7946,1.00,1.00
2016.11.23 18:58:30.593,9.79234,9.79463,1.00,1.00
2016.11.23 18:58:32.477,9.79234,9.79485,1.00,1.50
2016.11.23 18:58:32.528,9.79218,9.79485,1.00,1.00
2016.11.23 18:58:32.579,9.79234,9.79485,1.00,1.00
2016.11.23 18:58:32.892,9.79224,9.79466,1.00,1.00
2016.11.23 18:58:33.587,9.79234,9.79469,1.00,1.00
2016.11.23 18:58:37.301,9.79234,9.7947,1.00,1.00
2016.11.23 18:58:47.891,9.79234,9.79499,1.00,1.00
2016.11.23 18:58:47.992,9.79233,9.79479,1.00,1.00
2016.11.23 18:58:52.361,9.79234,9.79492,1.00,1.00
2016.11.23 18:58:56.916,9.7924,9.79474,1.00,1.00
2016.11.23 18:58:57.201,9.79235,9.79491,1.00,1.00
2016.11.23 18:59:00.655,9.79235,9.79495,1.00,1.00
2016.11.23 18:59:02.428,9.7925,9.79503,1.00,1.00
2016.11.23 18:59:05.839,9.79238,9.79511,1.00,1.00
2016.11.23 18:59:05.890,9.79197,9.79526,1.00,1.00
2016.11.23 18:59:05.941,9.79196,9.79541,1.50,1.37
2016.11.23 18:59:06.042,9.79196,9.79541,1.50,1.97
2016.11.23 18:59:06.093,9.79196,9.79541,2.25,1.37
2016.11.23 18:59:06.194,9.79216,9.79541,1.00,1.00
2016.11.23 18:59:06.535,9.79236,9.79541,1.00,1.00
2016.11.23 18:59:07.362,9.79236,9.79546,1.00,1.00
2016.11.23 18:59:07.594,9.79225,9.79546,1.00,1.00
2016.11.23 18:59:10.034,9.79221,9.79546,1.00,1.00
2016.11.23 18:59:10.846,9.79225,9.79546,1.00,1.00
2016.11.23 18:59:11.506,9.79225,9.79546,1.00,1.60
2016.11.23 18:59:12.312,9.79225,9.79546,1.00,1.00
2016.11.23 18:59:12.848,9.79226,9.79546,1.00,1.00
2016.11.23 18:59:13.708,9.79221,9.79546,1.00,1.00
2016.11.23 18:59:15.685,9.79218,9.79548,1.00,1.00
2016.11.23 18:59:18.326,9.79226,9.79548,1.00,1.00
2016.11.23 18:59:23.859,9.79242,9.79582,1.00,1.50
2016.11.23 18:59:23.910,9.79242,9.79582,1.00,1.00
2016.11.23 18:59:23.961,9.79242,9.79593,1.00,1.12
2016.11.23 18:59:24.064,9.79242,9.79624,1.00,1.00
2016.11.23 18:59:24.165,9.79242,9.79624,1.75,1.00
2016.11.23 18:59:24.469,9.79298,9.79624,1.00,1.00
2016.11.23 18:59:24.944,9.79312,9.79624,1.00,1.00
2016.11.23 18:59:27.160,9.79326,9.79624,1.00,1.00
2016.11.23 18:59:28.156,9.79336,9.79624,1.00,1.00
2016.11.23 18:59:29.193,9.79346,9.79624,1.00,1.00
2016.11.23 18:59:30.459,9.79346,9.79633,1.00,1.00
2016.11.23 18:59:30.864,9.79356,9.79633,1.00,1.00
2016.11.23 18:59:31.859,9.79366,9.79633,1.00,1.00
2016.11.23 18:59:32.189,9.79366,9.79633,1.37,1.00
2016.11.23 18:59:33.840,9.79386,9.79633,1.00,1.00
2016.11.23 18:59:35.592,9.79396,9.79633,1.00,1.00
2016.11.23 18:59:35.693,9.79396,9.79666,1.00,1.37
2016.11.23 18:59:35.744,9.79396,9.7965,1.00,1.00
2016.11.23 18:59:35.900,9.79376,9.79659,1.00,1.37
2016.11.23 18:59:35.951,9.79376,9.79659,1.15,1.00
2016.11.23 18:59:36.052,9.79376,9.79659,1.00,1.00
2016.11.23 18:59:36.103,9.79376,9.79659,1.37,1.00
2016.11.23 18:59:36.609,9.79386,9.79693,1.37,1.00
2016.11.23 18:59:36.875,9.79386,9.79705,1.37,1.00
2016.11.23 18:59:37.018,9.79386,9.79697,1.37,1.00
2016.11.23 18:59:37.321,9.79396,9.79737,1.37,1.00
2016.11.23 18:59:42.897,9.79435,9.79752,1.37,1.00
2016.11.23 18:59:45.294,9.79435,9.79797,1.37,1.37
2016.11.23 18:59:47.077,9.79406,9.79797,1.37,1.37
2016.11.23 18:59:50.895,9.79396,9.79784,1.37,1.00
2016.11.23 18:59:53.588,9.79386,9.79797,1.75,1.37
2016.11.23 18:59:53.791,9.79386,9.79759,1.75,1.37
2016.11.23 18:59:59.093,9.79356,9.79759,1.75,1.37
