2013.10.10 15:00:00.641,8.79685,8.79883,1.13,1.50
2013.10.10 15:00:00.701,8.79698,8.79892,1.88,4.77
2013.10.10 15:00:03.068,8.79827,8.79973,1.13,2.63
2013.10.10 15:00:03.201,8.79818,8.79972,1.13,1.88
2013.10.10 15:00:03.440,8.79786,8.79946,1.13,2.48
2013.10.10 15:00:04.159,8.79776,8.79946,1.88,2.48
2013.10.10 15:00:04.400,8.79769,8.79895,1.73,2.48
2013.10.10 15:00:04.769,8.79761,8.79895,1.13,2.48
2013.10.10 15:00:05.951,8.79761,8.79932,1.13,1.13
2013.10.10 15:00:06.253,8.7975,8.79895,1.13,2.48
2013.10.10 15:00:07.481,8.79658,8.79895,1.88,2.48
2013.10.10 15:00:10.421,8.79658,8.79825,1.13,2.48
2013.10.10 15:00:11.962,8.79658,8.79825,1.13,2.48
2013.10.10 15:00:15.899,8.79606,8.79737,1.13,2.10
2013.10.10 15:00:15.959,8.79597,8.79737,1.88,2.48
2013.10.10 15:00:16.020,8.79583,8.79737,1.13,2.48
2013.10.10 15:00:16.201,8.7956,8.79737,1.13,2.48
2013.10.10 15:00:17.180,8.79564,8.79737,1.13,2.48
2013.10.10 15:00:18.491,8.79558,8.79758,1.13,1.13
2013.10.10 15:00:19.271,8.79598,8.7982,1.13,1.73
2013.10.10 15:00:19.629,8.79601,8.79734,1.50,2.48
2013.10.10 15:00:19.749,8.79598,8.79784,1.13,2.48
2013.10.10 15:00:19.810,8.79578,8.79784,1.13,2.48
2013.10.10 15:00:21.029,8.7959,8.79819,1.13,1.35
2013.10.10 15:00:23.300,8.79698,8.79882,1.13,1.88
2013.10.10 15:00:23.420,8.79686,8.79866,1.13,1.13
2013.10.10 15:00:24.169,8.79667,8.79768,1.13,2.10
2013.10.10 15:00:24.291,8.79637,8.79768,1.13,2.48
2013.10.10 15:00:24.411,8.79608,8.79768,1.13,2.48
2013.10.10 15:00:26.500,8.79563,8.79768,1.50,2.10
2013.10.10 15:00:26.679,8.7956,8.79768,1.50,2.10
2013.10.10 15:00:27.476,8.79587,8.79768,1.13,2.48
2013.10.10 15:00:30.069,8.79607,8.79734,1.13,2.10
2013.10.10 15:00:30.370,8.79597,8.79734,1.13,2.48
2013.10.10 15:00:43.419,8.79511,8.79699,1.13,1.50
2013.10.10 15:00:43.545,8.79486,8.79618,1.50,2.48
2013.10.10 15:00:43.612,8.79477,8.79618,1.50,2.48
2013.10.10 15:00:43.671,8.7946,8.7961,1.58,1.73
2013.10.10 15:00:43.730,8.79457,8.7961,2.93,1.73
2013.10.10 15:00:44.284,8.79458,8.79602,1.65,1.73
2013.10.10 15:00:44.350,8.79461,8.79602,2.18,1.73
2013.10.10 15:00:44.904,8.79388,8.79571,1.13,2.25
2013.10.10 15:00:44.976,8.79378,8.79541,1.95,1.35
2013.10.10 15:00:45.039,8.79372,8.79536,1.65,1.35
2013.10.10 15:00:45.399,8.79372,8.79536,1.65,1.35
2013.10.10 15:00:45.463,8.79367,8.79536,2.40,1.35
2013.10.10 15:00:45.779,8.79367,8.79536,2.40,1.35
2013.10.10 15:00:46.080,8.79373,8.79536,2.93,1.35
2013.10.10 15:00:47.040,8.79373,8.79536,2.93,1.35
2013.10.10 15:00:47.220,8.79367,8.79536,2.63,1.35
2013.10.10 15:00:47.461,8.79367,8.79532,2.63,1.50
2013.10.10 15:00:47.761,8.79363,8.79532,1.80,1.50
2013.10.10 15:00:47.820,8.79363,8.79531,1.80,2.25
2013.10.10 15:00:48.209,8.79358,8.79521,2.33,1.50
2013.10.10 15:00:48.330,8.79358,8.79521,2.33,3.00
2013.10.10 15:00:49.209,8.79352,8.79512,2.10,1.50
2013.10.10 15:00:49.390,8.79352,8.79512,2.10,1.50
2013.10.10 15:00:49.769,8.79352,8.79487,2.10,1.50
2013.10.10 15:00:50.099,8.79352,8.79494,2.10,1.50
2013.10.10 15:00:50.790,8.79347,8.79494,1.58,1.50
2013.10.10 15:00:51.770,8.79342,8.79494,1.95,1.50
2013.10.10 15:00:51.890,8.79342,8.79487,1.95,1.50
2013.10.10 15:00:52.322,8.79342,8.79518,1.95,1.13
2013.10.10 15:00:52.690,8.79342,8.79518,1.95,1.13
2013.10.10 15:00:52.821,8.79338,8.79518,2.78,1.13
2013.10.10 15:00:53.329,8.79337,8.79518,2.48,1.13
2013.10.10 15:00:53.800,8.79337,8.7951,2.48,1.13
2013.10.10 15:00:53.859,8.79319,8.7951,2.03,1.13
2013.10.10 15:00:54.609,8.79348,8.79497,1.35,1.13
2013.10.10 15:00:54.969,8.79447,8.79642,1.13,1.73
2013.10.10 15:00:55.770,8.79448,8.79648,4.88,2.85
2013.10.10 15:00:56.440,8.79507,8.79677,1.13,1.13
2013.10.10 15:00:56.560,8.79507,8.79694,1.13,1.50
2013.10.10 15:00:56.679,8.79507,8.79713,1.13,1.13
2013.10.10 15:00:58.420,8.79516,8.79725,1.13,1.35
2013.10.10 15:00:58.600,8.7952,8.79706,1.13,2.10
2013.10.10 15:00:58.720,8.79507,8.79706,1.50,2.48
2013.10.10 15:00:58.960,8.79507,8.79682,1.50,1.35
2013.10.10 15:00:59.021,8.795,8.79682,1.50,1.35
2013.10.10 15:00:59.081,8.795,8.79683,1.50,1.35
2013.10.10 15:00:59.142,8.795,8.79683,1.50,1.73
2013.10.10 15:00:59.262,8.79463,8.79683,2.10,1.73
2013.10.10 15:00:59.391,8.79463,8.79628,2.10,1.50
2013.10.10 15:00:59.711,8.79463,8.79601,2.10,1.50
2013.10.10 15:01:00.020,8.79463,8.79595,2.10,1.50
2013.10.10 15:01:00.380,8.79454,8.79558,1.50,1.50
2013.10.10 15:01:00.612,8.79454,8.79565,1.50,1.50
2013.10.10 15:01:00.930,8.79454,8.79565,1.50,1.50
2013.10.10 15:01:00.990,8.79433,8.79557,2.63,1.50
2013.10.10 15:01:01.050,8.79433,8.79552,2.63,1.50
2013.10.10 15:01:01.361,8.79433,8.79525,2.63,1.50
2013.10.10 15:01:01.480,8.79373,8.79532,2.33,1.50
2013.10.10 15:01:01.662,8.79373,8.79479,2.33,1.50
2013.10.10 15:01:02.129,8.79372,8.79488,1.80,1.50
2013.10.10 15:01:02.630,8.79372,8.79496,1.80,1.50
2013.10.10 15:01:02.750,8.79365,8.7949,1.88,1.50
2013.10.10 15:01:02.810,8.79365,8.7949,1.88,1.50
2013.10.10 15:01:03.162,8.79365,8.79484,1.88,1.50
2013.10.10 15:01:03.570,8.7937,8.79484,1.50,1.50
2013.10.10 15:01:03.901,8.7937,8.79469,1.50,1.50
2013.10.10 15:01:04.080,8.79364,8.79469,2.55,1.50
2013.10.10 15:01:04.212,8.79361,8.79469,2.18,1.50
2013.10.10 15:01:04.772,8.79355,8.79469,2.25,1.50
2013.10.10 15:01:05.332,8.79355,8.79469,2.25,1.50
2013.10.10 15:01:05.723,8.79349,8.7948,2.48,1.50
2013.10.10 15:01:06.269,8.79348,8.7948,2.25,1.50
2013.10.10 15:01:06.763,8.79314,8.7948,1.88,1.50
2013.10.10 15:01:06.891,8.79314,8.7946,1.88,1.50
2013.10.10 15:01:07.225,8.79314,8.7946,1.88,1.50
2013.10.10 15:01:07.533,8.79447,8.7957,1.13,1.50
2013.10.10 15:01:07.601,8.79465,8.79531,2.33,1.50
2013.10.10 15:01:07.733,8.79417,8.79525,1.50,2.25
2013.10.10 15:01:07.803,8.79417,8.79525,1.50,1.50
2013.10.10 15:01:07.871,8.79353,8.79515,2.25,1.50
2013.10.10 15:01:07.930,8.79389,8.79515,2.78,1.50
2013.10.10 15:01:08.169,8.79389,8.79533,2.78,1.50
2013.10.10 15:01:08.410,8.79389,8.79526,2.78,1.50
2013.10.10 15:01:08.720,8.79386,8.79526,2.40,1.50
2013.10.10 15:01:08.961,8.79347,8.79505,2.55,1.35
2013.10.10 15:01:09.081,8.79347,8.79492,2.55,1.35
2013.10.10 15:01:09.441,8.79352,8.79476,1.58,1.50
2013.10.10 15:01:09.703,8.79328,8.79476,1.65,1.50
2013.10.10 15:01:10.129,8.79328,8.79468,1.65,1.50
2013.10.10 15:01:10.679,8.79322,8.79468,2.10,1.50
2013.10.10 15:01:10.921,8.79322,8.79473,2.10,1.50
2013.10.10 15:01:11.114,8.79322,8.79484,2.10,1.50
2013.10.10 15:01:11.671,8.79322,8.79484,2.10,1.50
2013.10.10 15:01:12.030,8.79325,8.79475,2.70,1.50
2013.10.10 15:01:12.214,8.79307,8.79475,2.10,1.50
2013.10.10 15:01:12.402,8.79307,8.79475,2.10,1.50
2013.10.10 15:01:12.463,8.79304,8.79469,2.63,1.50
2013.10.10 15:01:12.590,8.79304,8.79492,2.63,1.35
2013.10.10 15:01:12.710,8.79347,8.79508,2.18,1.50
2013.10.10 15:01:12.890,8.79347,8.79544,2.18,1.73
2013.10.10 15:01:13.129,8.79357,8.79545,2.93,1.73
2013.10.10 15:01:13.454,8.79356,8.79536,1.80,1.13
2013.10.10 15:01:13.701,8.79353,8.79536,1.95,1.13
2013.10.10 15:01:15.600,8.79363,8.79525,1.50,1.13
2013.10.10 15:01:16.570,8.79362,8.79532,1.50,1.13
2013.10.10 15:01:18.058,8.79351,8.79532,1.88,1.13
2013.10.10 15:01:18.120,8.79351,8.79532,1.88,1.13
2013.10.10 15:01:18.239,8.79348,8.7954,2.48,1.73
2013.10.10 15:01:20.053,8.79348,8.79541,1.50,1.73
2013.10.10 15:01:20.301,8.79348,8.79541,3.60,1.73
2013.10.10 15:01:20.870,8.79348,8.79553,1.50,3.23
2013.10.10 15:01:22.172,8.79348,8.79553,1.50,3.23
2013.10.10 15:01:23.534,8.79349,8.79553,2.85,3.23
2013.10.10 15:01:25.449,8.79348,8.79553,1.50,3.23
2013.10.10 15:01:25.569,8.79348,8.79553,1.50,3.23
2013.10.10 15:01:29.711,8.79338,8.79553,1.50,2.48
2013.10.10 15:01:29.892,8.79338,8.79538,2.55,1.13
2013.10.10 15:01:30.259,8.79338,8.79552,1.50,1.73
2013.10.10 15:01:30.601,8.79346,8.79547,1.50,1.73
2013.10.10 15:01:31.181,8.79346,8.79547,1.50,1.73
2013.10.10 15:01:32.622,8.79353,8.79551,1.50,1.73
2013.10.10 15:01:32.932,8.7936,8.79523,1.50,1.13
2013.10.10 15:01:33.000,8.7936,8.79543,1.50,1.73
2013.10.10 15:01:33.241,8.7936,8.79553,1.50,2.48
2013.10.10 15:01:34.160,8.79349,8.79553,1.50,2.48
2013.10.10 15:01:35.441,8.7936,8.79553,1.50,2.48
2013.10.10 15:01:35.931,8.7936,8.79553,1.50,2.48
2013.10.10 15:01:36.170,8.7936,8.79542,1.50,1.73
2013.10.10 15:01:36.230,8.7936,8.79542,1.50,1.73
2013.10.10 15:01:36.361,8.7936,8.79542,1.50,1.73
2013.10.10 15:01:37.351,8.79357,8.79553,1.50,2.48
2013.10.10 15:01:38.019,8.79357,8.79553,1.50,2.48
2013.10.10 15:01:38.574,8.79359,8.79574,1.35,1.13
2013.10.10 15:01:38.639,8.79397,8.79593,1.13,1.50
2013.10.10 15:01:38.760,8.79397,8.79593,1.88,1.50
2013.10.10 15:01:38.820,8.79397,8.79603,2.63,1.13
2013.10.10 15:01:38.879,8.79397,8.79603,2.63,1.13
2013.10.10 15:01:38.940,8.79397,8.79578,1.88,2.10
2013.10.10 15:01:39.300,8.79368,8.79578,1.50,2.48
2013.10.10 15:01:40.091,8.79352,8.79578,1.50,2.48
2013.10.10 15:01:40.451,8.79388,8.79578,6.53,2.48
2013.10.10 15:01:40.822,8.79388,8.79578,6.53,2.48
2013.10.10 15:01:47.110,8.79359,8.79572,1.41,1.73
2013.10.10 15:01:47.518,8.79356,8.79565,1.50,1.73
2013.10.10 15:01:49.452,8.79353,8.79565,1.50,1.35
2013.10.10 15:01:49.639,8.79353,8.79553,1.50,2.25
2013.10.10 15:01:49.700,8.79343,8.79537,2.10,2.10
2013.10.10 15:01:49.760,8.79304,8.79525,1.80,1.35
2013.10.10 15:01:49.880,8.79304,8.79502,1.80,1.35
2013.10.10 15:01:50.200,8.793,8.79498,2.03,1.50
2013.10.10 15:01:50.510,8.793,8.79489,2.03,1.50
2013.10.10 15:01:51.281,8.79294,8.79482,2.93,1.13
2013.10.10 15:01:51.339,8.79294,8.79488,2.93,1.13
2013.10.10 15:01:51.400,8.79372,8.79488,1.50,1.13
2013.10.10 15:01:51.520,8.79438,8.79582,1.86,1.50
2013.10.10 15:01:51.581,8.79456,8.79623,2.10,1.13
2013.10.10 15:01:51.650,8.79487,8.79661,2.10,1.13
2013.10.10 15:01:51.714,8.79487,8.79684,2.10,1.50
2013.10.10 15:01:51.784,8.79524,8.79686,2.48,2.25
2013.10.10 15:01:51.853,8.79524,8.79713,2.48,1.50
2013.10.10 15:01:51.921,8.79524,8.79758,2.48,1.50
2013.10.10 15:01:52.340,8.79524,8.79764,2.48,1.35
2013.10.10 15:01:52.645,8.79528,8.79762,1.13,1.13
2013.10.10 15:01:53.016,8.79528,8.79762,1.13,1.13
2013.10.10 15:01:53.752,8.79528,8.79758,1.13,1.13
2013.10.10 15:01:54.110,8.7953,8.79758,2.55,1.13
2013.10.10 15:01:54.641,8.79529,8.79758,2.63,1.13
2013.10.10 15:01:55.403,8.7953,8.79758,1.95,1.13
2013.10.10 15:01:56.503,8.79528,8.79758,3.30,1.13
2013.10.10 15:01:57.680,8.79528,8.79752,1.13,1.13
2013.10.10 15:01:57.984,8.79529,8.79752,1.65,1.13
2013.10.10 15:01:58.429,8.79528,8.7976,1.13,1.13
2013.10.10 15:01:58.962,8.79528,8.7976,1.13,1.13
2013.10.10 15:01:59.420,8.79528,8.7976,1.13,1.13
2013.10.10 15:01:59.764,8.79528,8.7976,1.13,1.13
2013.10.10 15:02:00.392,8.79528,8.7976,1.13,1.13
2013.10.10 15:02:09.912,8.79528,8.7976,1.13,1.13
2013.10.10 15:02:10.691,8.79525,8.7976,2.48,1.13
2013.10.10 15:02:11.342,8.79522,8.7976,1.88,1.13
2013.10.10 15:02:11.851,8.79576,8.7976,1.50,1.13
2013.10.10 15:02:11.911,8.7962,8.7978,2.25,1.50
2013.10.10 15:02:11.970,8.79638,8.79802,1.33,1.50
2013.10.10 15:02:12.090,8.79638,8.79837,1.33,1.13
2013.10.10 15:02:12.151,8.79624,8.79779,1.13,1.13
2013.10.10 15:02:12.270,8.79588,8.79704,1.50,2.48
2013.10.10 15:02:12.330,8.79576,8.79704,1.50,2.48
2013.10.10 15:02:13.241,8.79544,8.79733,1.50,1.13
2013.10.10 15:02:22.663,8.79548,8.79747,1.50,2.10
2013.10.10 15:02:23.654,8.79546,8.79747,1.50,2.48
2013.10.10 15:02:29.048,8.79532,8.79747,1.50,2.48
2013.10.10 15:02:29.171,8.79638,8.79772,2.82,1.50
2013.10.10 15:02:29.290,8.79638,8.79793,2.82,1.50
2013.10.10 15:02:29.350,8.79627,8.79812,2.63,1.13
2013.10.10 15:02:29.411,8.79627,8.79728,1.50,2.48
2013.10.10 15:02:29.470,8.79613,8.79728,1.13,2.48
2013.10.10 15:02:29.530,8.79597,8.79728,2.25,2.48
2013.10.10 15:02:30.749,8.79559,8.79728,1.50,2.48
2013.10.10 15:02:33.945,8.79617,8.79768,5.82,1.13
2013.10.10 15:02:34.013,8.79627,8.79813,1.13,1.20
2013.10.10 15:02:34.080,8.79628,8.79813,1.13,1.13
2013.10.10 15:02:34.141,8.79627,8.79813,1.13,1.32
2013.10.10 15:02:34.500,8.79545,8.79751,1.50,1.73
2013.10.10 15:02:35.350,8.79545,8.79753,1.50,2.48
2013.10.10 15:02:36.527,8.79543,8.79753,1.50,2.48
2013.10.10 15:02:37.681,8.79542,8.79753,1.50,2.48
2013.10.10 15:02:38.828,8.79599,8.79753,1.50,2.48
2013.10.10 15:02:38.950,8.79638,8.79786,2.43,1.50
2013.10.10 15:02:39.010,8.79637,8.79852,2.49,2.48
2013.10.10 15:02:39.130,8.79637,8.79734,3.24,2.48
2013.10.10 15:02:39.249,8.79627,8.79734,2.25,2.48
2013.10.10 15:02:39.429,8.7959,8.79734,2.25,2.48
2013.10.10 15:02:39.490,8.7959,8.79734,2.25,2.48
2013.10.10 15:02:40.400,8.79493,8.79734,1.50,2.48
2013.10.10 15:02:41.470,8.79486,8.79734,1.50,2.48
2013.10.10 15:03:00.831,8.7949,8.79734,1.50,2.10
2013.10.10 15:03:01.916,8.79488,8.79734,1.50,2.48
2013.10.10 15:03:04.391,8.79486,8.79734,1.50,2.48
2013.10.10 15:03:14.172,8.79488,8.79744,1.35,1.13
2013.10.10 15:03:18.192,8.79514,8.7975,1.50,1.13
2013.10.10 15:03:20.171,8.79505,8.79651,1.88,1.50
2013.10.10 15:03:20.301,8.79505,8.79638,1.88,1.13
2013.10.10 15:03:20.361,8.79461,8.79638,1.50,1.13
2013.10.10 15:03:20.421,8.79459,8.79638,1.65,1.13
2013.10.10 15:03:20.541,8.79454,8.79637,2.63,1.13
2013.10.10 15:03:21.533,8.79412,8.79618,2.10,1.13
2013.10.10 15:03:21.606,8.79412,8.79596,2.10,1.50
2013.10.10 15:03:21.910,8.79443,8.79593,2.93,1.50
2013.10.10 15:03:22.219,8.79298,8.79563,1.69,2.25
2013.10.10 15:03:22.279,8.79277,8.79432,1.69,1.13
2013.10.10 15:03:22.340,8.79227,8.7943,2.25,1.13
2013.10.10 15:03:22.464,8.79177,8.79416,1.50,1.13
2013.10.10 15:03:22.531,8.79182,8.79441,2.75,1.88
2013.10.10 15:03:22.590,8.79182,8.79441,2.75,1.88
2013.10.10 15:03:22.710,8.79196,8.79443,1.50,1.13
2013.10.10 15:03:23.070,8.79202,8.79443,1.50,1.13
2013.10.10 15:03:23.432,8.79202,8.79443,1.50,1.13
2013.10.10 15:03:23.552,8.79188,8.79443,2.25,1.13
2013.10.10 15:03:24.081,8.79188,8.7944,2.25,1.13
2013.10.10 15:03:24.140,8.79191,8.7944,1.50,1.13
2013.10.10 15:03:29.194,8.79182,8.7944,1.50,1.88
2013.10.10 15:03:29.263,8.79187,8.7944,3.75,1.13
2013.10.10 15:03:29.592,8.79196,8.79441,1.50,1.88
2013.10.10 15:03:30.234,8.79196,8.79441,1.50,1.88
2013.10.10 15:03:30.782,8.79197,8.7944,1.50,1.50
2013.10.10 15:03:32.359,8.79206,8.79501,1.50,1.50
2013.10.10 15:03:32.419,8.79206,8.7952,1.50,1.50
2013.10.10 15:03:32.660,8.79219,8.79535,1.50,1.50
2013.10.10 15:03:33.019,8.79225,8.79539,1.50,1.50
2013.10.10 15:03:33.530,8.79233,8.79547,1.50,1.50
2013.10.10 15:03:33.830,8.79223,8.79539,1.50,1.50
2013.10.10 15:03:37.081,8.79223,8.79539,1.50,1.50
2013.10.10 15:03:37.380,8.79218,8.79532,3.00,1.50
2013.10.10 15:03:37.441,8.79218,8.79468,3.00,1.73
2013.10.10 15:03:38.170,8.79218,8.79467,2.25,1.80
2013.10.10 15:03:40.272,8.7922,8.79467,1.50,1.80
2013.10.10 15:03:40.812,8.79218,8.79467,2.25,1.80
2013.10.10 15:03:43.230,8.79218,8.79467,2.25,2.10
2013.10.10 15:03:43.364,8.79228,8.79472,1.50,2.70
2013.10.10 15:03:43.491,8.79228,8.79474,1.50,1.73
2013.10.10 15:03:44.989,8.79228,8.79474,1.50,1.73
2013.10.10 15:03:45.123,8.79219,8.79472,1.50,2.03
2013.10.10 15:03:49.052,8.7924,8.79472,1.13,2.03
2013.10.10 15:03:49.412,8.79498,8.79703,1.13,1.13
2013.10.10 15:03:49.780,8.79496,8.79713,1.50,1.13
2013.10.10 15:03:52.338,8.79508,8.79723,1.50,1.13
2013.10.10 15:03:53.130,8.79498,8.79733,1.13,1.13
2013.10.10 15:03:53.603,8.79498,8.79733,1.13,1.13
2013.10.10 15:03:54.592,8.79498,8.79733,1.13,1.13
2013.10.10 15:03:55.090,8.79498,8.79733,1.13,1.13
2013.10.10 15:03:59.410,8.79666,8.7973,1.85,1.13
2013.10.10 15:03:59.469,8.79678,8.7975,2.60,1.50
2013.10.10 15:03:59.530,8.79677,8.79788,1.71,2.63
2013.10.10 15:03:59.590,8.79677,8.79848,1.71,2.25
2013.10.10 15:03:59.649,8.79674,8.79873,1.50,1.13
2013.10.10 15:03:59.710,8.79667,8.79771,1.13,2.10
2013.10.10 15:03:59.891,8.79522,8.79761,1.50,1.50
2013.10.10 15:04:00.011,8.79518,8.79723,2.25,1.13
2013.10.10 15:04:00.130,8.79488,8.79723,1.13,1.50
2013.10.10 15:04:00.190,8.79525,8.79715,1.50,1.50
2013.10.10 15:04:00.430,8.79525,8.79758,1.50,1.65
2013.10.10 15:04:01.031,8.79537,8.7976,1.50,1.50
2013.10.10 15:04:01.091,8.79537,8.7976,1.50,1.50
2013.10.10 15:04:01.622,8.79537,8.7976,1.50,1.50
2013.10.10 15:04:04.843,8.79538,8.79762,1.50,1.35
2013.10.10 15:04:05.570,8.79607,8.79763,2.10,2.40
2013.10.10 15:04:05.931,8.79722,8.79941,2.25,1.73
2013.10.10 15:04:06.109,8.79722,8.79883,2.25,1.35
2013.10.10 15:04:06.171,8.79697,8.79883,1.13,2.10
2013.10.10 15:04:06.230,8.79687,8.79883,1.50,2.48
2013.10.10 15:04:06.291,8.79688,8.79839,2.25,1.13
2013.10.10 15:04:06.410,8.79667,8.79828,1.50,1.13
2013.10.10 15:04:07.499,8.79656,8.79827,1.73,1.13
2013.10.10 15:04:07.740,8.79651,8.79814,1.50,1.13
2013.10.10 15:04:08.701,8.79648,8.79816,2.70,1.73
2013.10.10 15:04:11.810,8.7965,8.79806,2.55,1.13
2013.10.10 15:04:13.219,8.79651,8.79806,2.70,1.13
2013.10.10 15:04:13.541,8.79647,8.79806,2.10,1.13
2013.10.10 15:04:14.394,8.79647,8.79802,2.10,1.13
2013.10.10 15:04:14.473,8.79647,8.79805,2.10,1.13
2013.10.10 15:04:15.513,8.7965,8.79805,1.88,1.13
2013.10.10 15:04:16.630,8.7965,8.79802,1.88,1.13
2013.10.10 15:04:17.050,8.7965,8.79803,1.88,1.13
2013.10.10 15:04:18.320,8.79653,8.79814,1.80,1.73
2013.10.10 15:04:18.941,8.79649,8.79808,2.78,1.73
2013.10.10 15:04:19.701,8.79649,8.79802,2.78,1.13
2013.10.10 15:04:20.030,8.79649,8.79802,2.78,1.13
2013.10.10 15:04:20.090,8.79592,8.79802,1.50,1.13
2013.10.10 15:04:21.240,8.79595,8.79802,1.50,1.13
2013.10.10 15:04:21.363,8.79592,8.79802,2.93,1.13
2013.10.10 15:04:22.702,8.79596,8.79802,2.18,1.13
2013.10.10 15:04:23.062,8.79598,8.798,2.10,1.50
2013.10.10 15:04:24.180,8.79598,8.79802,2.10,1.13
2013.10.10 15:04:24.240,8.79598,8.79812,2.10,1.13
2013.10.10 15:04:26.331,8.79602,8.79815,1.65,1.13
2013.10.10 15:04:26.551,8.796,8.79815,1.73,1.13
2013.10.10 15:04:27.318,8.79602,8.79815,2.10,1.13
2013.10.10 15:04:33.491,8.79605,8.79815,2.48,1.13
2013.10.10 15:04:35.010,8.79605,8.79802,2.48,1.13
2013.10.10 15:04:35.374,8.79557,8.79747,1.50,1.13
2013.10.10 15:04:35.441,8.79557,8.79747,1.50,1.13
2013.10.10 15:04:35.499,8.79557,8.79735,1.50,1.13
2013.10.10 15:04:36.411,8.79529,8.79743,1.50,1.13
2013.10.10 15:04:36.470,8.79517,8.79743,1.50,1.13
2013.10.10 15:04:36.590,8.79517,8.79743,1.50,1.13
2013.10.10 15:04:37.485,8.79545,8.79752,1.50,2.40
2013.10.10 15:04:40.130,8.79553,8.79755,1.50,1.73
2013.10.10 15:04:40.640,8.79524,8.79744,1.50,1.35
2013.10.10 15:04:40.764,8.79498,8.79722,1.13,1.80
2013.10.10 15:04:41.069,8.79477,8.79712,1.35,1.13
2013.10.10 15:04:49.913,8.79538,8.79739,2.25,1.13
2013.10.10 15:04:50.041,8.79686,8.79775,1.35,2.25
2013.10.10 15:04:50.100,8.79676,8.7985,1.80,1.50
2013.10.10 15:04:50.221,8.79667,8.79845,1.50,1.50
2013.10.10 15:04:50.281,8.79667,8.79832,1.50,1.13
2013.10.10 15:04:50.347,8.79657,8.79832,1.80,1.13
2013.10.10 15:04:50.590,8.79632,8.79841,1.65,1.13
2013.10.10 15:04:50.770,8.7962,8.79848,2.33,1.13
2013.10.10 15:04:50.952,8.7962,8.79848,2.33,1.13
2013.10.10 15:04:51.252,8.79618,8.79848,2.18,1.13
2013.10.10 15:04:51.840,8.79618,8.79843,2.18,1.13
2013.10.10 15:04:51.899,8.79616,8.79843,1.88,1.13
2013.10.10 15:04:52.783,8.79616,8.79834,1.88,1.13
2013.10.10 15:04:52.911,8.79613,8.79834,1.58,1.13
2013.10.10 15:04:54.179,8.79609,8.79816,1.50,1.13
2013.10.10 15:04:54.621,8.79611,8.79816,2.63,1.13
2013.10.10 15:04:56.431,8.79611,8.79705,2.63,1.50
2013.10.10 15:04:56.491,8.79538,8.79692,1.50,1.35
2013.10.10 15:04:56.550,8.7952,8.79692,1.50,1.35
2013.10.10 15:04:56.673,8.7952,8.79711,1.50,1.13
2013.10.10 15:04:56.800,8.7952,8.79722,1.50,1.05
2013.10.10 15:04:57.294,8.79516,8.79751,1.50,1.13
2013.10.10 15:04:57.611,8.79546,8.79751,1.50,1.13
2013.10.10 15:04:57.731,8.79546,8.79767,1.50,1.95
2013.10.10 15:04:57.850,8.79546,8.79762,1.50,2.48
2013.10.10 15:04:59.120,8.79682,8.79762,1.50,2.48
2013.10.10 15:04:59.420,8.79708,8.7976,1.50,1.50
2013.10.10 15:04:59.540,8.79667,8.7976,1.50,1.50
2013.10.10 15:04:59.600,8.79568,8.7976,1.50,1.50
2013.10.10 15:04:59.661,8.79561,8.7976,1.50,1.50
2013.10.10 15:05:00.372,8.7957,8.7976,1.50,1.50
2013.10.10 15:05:00.441,8.7957,8.79789,1.50,1.13
2013.10.10 15:05:00.981,8.7957,8.79803,1.50,1.13
2013.10.10 15:05:01.724,8.79549,8.79799,1.50,1.13
2013.10.10 15:05:02.462,8.79548,8.79798,1.50,1.13
2013.10.10 15:05:03.083,8.79548,8.79798,1.50,1.13
2013.10.10 15:05:03.392,8.79549,8.79799,1.50,1.13
2013.10.10 15:05:03.704,8.79543,8.79755,1.50,2.48
2013.10.10 15:05:03.830,8.79521,8.79752,1.50,1.73
2013.10.10 15:05:03.891,8.79518,8.79752,1.50,1.73
2013.10.10 15:05:04.071,8.79518,8.79751,1.50,1.73
2013.10.10 15:05:04.190,8.79509,8.79751,1.50,1.73
2013.10.10 15:05:05.034,8.79501,8.7973,1.50,1.13
2013.10.10 15:05:05.867,8.79497,8.79744,1.50,1.73
2013.10.10 15:05:06.892,8.79499,8.79739,1.50,1.65
2013.10.10 15:05:08.141,8.79499,8.79735,1.50,1.73
2013.10.10 15:05:13.941,8.79548,8.7975,1.50,1.50
2013.10.10 15:05:14.000,8.79548,8.7976,1.50,2.63
2013.10.10 15:05:14.120,8.79548,8.7976,1.50,1.50
2013.10.10 15:05:14.891,8.79554,8.79757,1.50,1.13
2013.10.10 15:05:15.890,8.79541,8.79763,1.50,1.13
2013.10.10 15:05:16.011,8.79541,8.7978,1.50,1.13
2013.10.10 15:05:18.729,8.79541,8.79783,1.50,1.13
2013.10.10 15:05:20.490,8.79541,8.79786,1.50,1.13
2013.10.10 15:05:21.609,8.79514,8.79786,1.50,1.13
2013.10.10 15:05:21.733,8.79514,8.79786,1.50,1.13
2013.10.10 15:05:21.801,8.79507,8.79769,3.00,1.13
2013.10.10 15:05:23.561,8.79514,8.79755,1.50,1.13
2013.10.10 15:05:23.920,8.7947,8.79713,2.10,1.13
2013.10.10 15:05:25.553,8.7947,8.79706,2.10,1.13
2013.10.10 15:05:25.671,8.79461,8.7968,1.13,1.73
2013.10.10 15:05:26.541,8.79422,8.7967,1.35,1.13
2013.10.10 15:05:26.600,8.79422,8.79583,1.35,1.13
2013.10.10 15:05:26.960,8.79412,8.79561,2.63,1.13
2013.10.10 15:05:27.022,8.79398,8.79561,1.13,1.13
2013.10.10 15:05:27.853,8.79367,8.79572,1.50,1.13
2013.10.10 15:05:27.924,8.79367,8.79572,1.50,1.13
2013.10.10 15:05:27.993,8.7932,8.79572,1.50,1.13
2013.10.10 15:05:28.681,8.79309,8.79531,1.50,1.73
2013.10.10 15:05:29.171,8.79271,8.7952,1.35,1.13
2013.10.10 15:05:30.480,8.79271,8.79522,1.35,1.13
2013.10.10 15:05:31.161,8.79271,8.79525,1.35,1.13
2013.10.10 15:05:31.321,8.79271,8.79525,1.35,1.13
2013.10.10 15:05:32.374,8.79271,8.79512,1.35,1.13
2013.10.10 15:05:32.621,8.79271,8.79504,1.35,1.13
2013.10.10 15:05:32.861,8.79271,8.79464,1.35,1.13
2013.10.10 15:05:33.142,8.79271,8.79464,1.35,1.13
2013.10.10 15:05:33.361,8.79271,8.79464,1.35,1.13
2013.10.10 15:05:33.992,8.79271,8.79464,1.35,1.13
2013.10.10 15:05:38.061,8.79271,8.79505,1.35,1.13
2013.10.10 15:05:43.721,8.79271,8.79505,1.35,1.13
2013.10.10 15:05:44.113,8.79271,8.79505,1.35,1.13
2013.10.10 15:05:44.610,8.79271,8.79505,1.35,1.13
2013.10.10 15:05:45.045,8.79271,8.79505,1.35,1.13
2013.10.10 15:05:45.375,8.79267,8.79493,1.35,1.13
2013.10.10 15:05:45.610,8.79258,8.79494,1.13,1.73
2013.10.10 15:05:45.790,8.79258,8.79494,1.13,1.73
2013.10.10 15:05:46.740,8.79239,8.79473,2.48,1.13
2013.10.10 15:05:46.800,8.79247,8.79433,2.10,1.13
2013.10.10 15:05:46.921,8.79258,8.79473,1.35,1.13
2013.10.10 15:05:47.491,8.79258,8.79483,1.88,1.13
2013.10.10 15:05:47.550,8.79258,8.79482,1.13,1.13
2013.10.10 15:05:47.670,8.79242,8.79482,1.35,1.13
2013.10.10 15:05:51.127,8.79237,8.79482,1.35,1.13
2013.10.10 15:05:51.193,8.79247,8.79482,1.13,1.13
2013.10.10 15:05:51.261,8.79257,8.79482,1.73,1.13
2013.10.10 15:06:10.230,8.79271,8.79493,1.29,1.13
2013.10.10 15:06:10.711,8.79267,8.79493,1.35,1.13
2013.10.10 15:06:20.121,8.79272,8.79493,1.02,1.13
2013.10.10 15:06:20.552,8.79287,8.79493,1.99,1.13
2013.10.10 15:06:23.160,8.79287,8.79513,2.74,1.13
2013.10.10 15:06:26.069,8.79287,8.79532,1.99,1.73
2013.10.10 15:06:26.131,8.79258,8.79385,1.35,3.00
2013.10.10 15:06:26.250,8.79242,8.79346,1.50,1.35
2013.10.10 15:06:26.810,8.79126,8.79339,1.50,1.35
2013.10.10 15:06:27.550,8.79126,8.7934,1.50,1.35
2013.10.10 15:06:44.160,8.79086,8.79341,1.50,1.35
2013.10.10 15:06:47.651,8.79086,8.79339,1.50,1.35
2013.10.10 15:06:50.303,8.79082,8.79341,1.35,1.35
2013.10.10 15:06:52.989,8.79082,8.79344,1.35,1.35
2013.10.10 15:06:56.132,8.79077,8.79344,1.35,1.35
2013.10.10 15:07:01.261,8.79082,8.79334,1.50,1.35
2013.10.10 15:07:06.722,8.79136,8.7927,1.50,1.20
2013.10.10 15:07:06.780,8.79136,8.79342,1.50,1.13
2013.10.10 15:07:06.840,8.79158,8.79342,1.50,1.13
2013.10.10 15:07:07.028,8.79158,8.7936,1.50,1.88
2013.10.10 15:07:07.400,8.79158,8.7939,1.50,1.13
2013.10.10 15:07:09.362,8.7914,8.794,1.35,2.63
2013.10.10 15:07:09.601,8.79197,8.794,1.50,2.63
2013.10.10 15:07:09.840,8.79242,8.79472,1.50,2.93
2013.10.10 15:07:09.960,8.79253,8.79472,1.50,2.93
2013.10.10 15:07:10.291,8.7926,8.79453,1.50,2.33
2013.10.10 15:07:12.232,8.79277,8.79453,2.78,1.73
2013.10.10 15:07:12.350,8.79304,8.79542,2.63,2.03
2013.10.10 15:07:12.591,8.79323,8.79483,1.50,1.95
2013.10.10 15:07:12.713,8.79304,8.79483,1.50,1.95
2013.10.10 15:07:13.264,8.79304,8.79482,1.50,2.40
2013.10.10 15:07:13.571,8.79289,8.79542,2.25,1.73
2013.10.10 15:07:13.750,8.79289,8.79512,2.78,1.58
2013.10.10 15:07:14.271,8.79299,8.79512,1.50,1.58
2013.10.10 15:07:16.611,8.793,8.79512,1.50,1.80
2013.10.10 15:07:17.423,8.793,8.79513,1.50,1.58
2013.10.10 15:07:18.921,8.79297,8.79513,1.50,2.48
2013.10.10 15:07:19.752,8.79297,8.79512,1.50,2.03
2013.10.10 15:07:20.051,8.79291,8.79512,1.13,2.03
2013.10.10 15:07:20.114,8.79291,8.79543,1.13,2.25
2013.10.10 15:07:20.180,8.79304,8.79543,1.65,2.25
2013.10.10 15:07:20.970,8.79305,8.79492,1.50,1.50
2013.10.10 15:07:21.760,8.79305,8.79492,1.50,1.50
2013.10.10 15:07:21.932,8.79305,8.79542,1.50,1.80
2013.10.10 15:07:21.992,8.79295,8.79542,2.78,1.80
2013.10.10 15:07:22.061,8.79304,8.79542,2.78,1.80
2013.10.10 15:07:22.421,8.79309,8.79542,2.25,1.80
2013.10.10 15:07:23.422,8.79306,8.79543,2.93,2.55
2013.10.10 15:07:24.004,8.79323,8.79542,1.65,2.03
2013.10.10 15:07:24.791,8.79323,8.79543,1.65,1.58
2013.10.10 15:07:26.365,8.79323,8.79542,1.65,2.18
2013.10.10 15:07:26.951,8.79315,8.79542,2.40,2.55
2013.10.10 15:07:27.728,8.79315,8.79543,2.40,2.25
2013.10.10 15:07:27.972,8.79325,8.79543,2.55,1.80
2013.10.10 15:07:28.332,8.79468,8.79659,1.50,1.50
2013.10.10 15:07:28.390,8.79476,8.79683,1.50,2.55
2013.10.10 15:07:28.570,8.79476,8.79714,1.50,2.03
2013.10.10 15:07:28.810,8.79481,8.79714,1.50,2.03
2013.10.10 15:07:29.240,8.79481,8.79663,1.50,2.03
2013.10.10 15:07:29.544,8.79468,8.79592,1.50,1.50
2013.10.10 15:07:29.611,8.79427,8.79673,1.50,1.50
2013.10.10 15:07:29.676,8.79409,8.79673,1.50,1.50
2013.10.10 15:07:29.741,8.79409,8.79591,1.50,1.50
2013.10.10 15:07:30.101,8.79363,8.79535,1.50,1.50
2013.10.10 15:07:30.161,8.79357,8.79535,1.13,1.50
2013.10.10 15:07:30.220,8.79357,8.79519,1.13,1.50
2013.10.10 15:07:30.530,8.79328,8.79487,1.50,1.50
2013.10.10 15:07:31.061,8.79328,8.7948,1.50,1.50
2013.10.10 15:07:31.482,8.79313,8.7948,1.50,1.50
2013.10.10 15:07:31.724,8.79313,8.79482,1.50,1.50
2013.10.10 15:07:31.792,8.79313,8.79502,1.50,1.50
2013.10.10 15:07:32.690,8.79313,8.79502,1.50,1.50
2013.10.10 15:07:32.751,8.79313,8.79496,1.50,1.50
2013.10.10 15:07:33.613,8.79313,8.79496,1.50,1.50
2013.10.10 15:07:34.171,8.79305,8.79475,1.13,1.13
2013.10.10 15:07:34.231,8.79278,8.79475,2.25,1.13
2013.10.10 15:07:34.290,8.79278,8.79475,1.50,1.13
2013.10.10 15:07:34.351,8.79266,8.79413,1.50,1.13
2013.10.10 15:07:34.652,8.79153,8.79363,1.50,1.13
2013.10.10 15:07:35.471,8.79153,8.79334,1.50,1.13
2013.10.10 15:07:36.247,8.79128,8.79327,1.50,1.13
2013.10.10 15:07:36.371,8.79128,8.79327,1.50,1.13
2013.10.10 15:07:36.610,8.79128,8.79313,1.50,1.73
2013.10.10 15:07:36.730,8.79076,8.79289,1.50,1.13
2013.10.10 15:07:38.563,8.79068,8.79257,1.50,1.13
2013.10.10 15:07:42.713,8.7912,8.79275,1.50,1.13
2013.10.10 15:07:42.771,8.7912,8.79294,1.50,1.50
2013.10.10 15:07:42.891,8.7912,8.79305,1.50,2.25
2013.10.10 15:07:42.953,8.7912,8.79362,1.50,1.13
2013.10.10 15:07:43.081,8.79129,8.79362,2.63,1.13
2013.10.10 15:07:44.011,8.79271,8.79384,2.17,1.13
2013.10.10 15:07:44.070,8.79271,8.79393,2.17,1.13
2013.10.10 15:07:44.189,8.7927,8.79393,2.39,1.13
2013.10.10 15:07:45.191,8.79281,8.79401,1.97,2.25
2013.10.10 15:07:45.375,8.79281,8.79406,1.89,1.88
2013.10.10 15:07:45.620,8.79281,8.79411,1.89,2.48
2013.10.10 15:07:45.801,8.79291,8.79411,2.32,2.48
2013.10.10 15:07:45.923,8.79281,8.79411,2.11,2.48
2013.10.10 15:07:47.589,8.79291,8.79411,1.97,2.48
2013.10.10 15:07:48.810,8.79291,8.79408,1.22,2.10
2013.10.10 15:07:50.901,8.79291,8.79407,1.22,1.88
2013.10.10 15:07:51.440,8.79291,8.7941,1.22,1.58
2013.10.10 15:07:52.085,8.79291,8.79409,1.80,1.73
2013.10.10 15:07:53.980,8.79285,8.79409,1.50,1.73
2013.10.10 15:07:54.100,8.7928,8.79402,1.58,1.13
2013.10.10 15:07:54.780,8.79281,8.79402,2.10,1.13
2013.10.10 15:07:54.974,8.79276,8.79402,1.50,1.13
2013.10.10 15:07:55.164,8.79271,8.79401,2.25,1.13
2013.10.10 15:07:55.690,8.7927,8.79402,1.80,1.13
2013.10.10 15:07:56.441,8.79281,8.79402,2.48,1.13
2013.10.10 15:07:56.691,8.79281,8.79403,2.48,1.50
2013.10.10 15:07:56.932,8.7929,8.79407,1.88,1.50
2013.10.10 15:07:57.453,8.79291,8.79407,2.85,1.50
2013.10.10 15:07:59.350,8.79157,8.79407,1.50,1.50
2013.10.10 15:07:59.412,8.79154,8.79407,1.50,1.50
2013.10.10 15:07:59.661,8.79157,8.79407,1.50,1.50
2013.10.10 15:07:59.781,8.79157,8.79417,1.50,2.03
2013.10.10 15:08:00.533,8.79161,8.79422,1.50,1.73
2013.10.10 15:08:01.620,8.79248,8.79422,1.50,1.73
2013.10.10 15:08:01.981,8.7931,8.79486,1.58,1.13
2013.10.10 15:08:02.101,8.79308,8.79486,2.25,1.13
2013.10.10 15:08:02.340,8.79302,8.79483,2.70,1.13
2013.10.10 15:08:02.400,8.79297,8.79483,2.10,1.13
2013.10.10 15:08:03.320,8.79297,8.79482,2.10,1.50
2013.10.10 15:08:03.440,8.79294,8.79482,2.78,1.50
2013.10.10 15:08:03.504,8.79294,8.79496,2.78,1.50
2013.10.10 15:08:05.550,8.79304,8.79496,1.35,1.50
2013.10.10 15:08:05.732,8.79317,8.79504,2.10,1.50
2013.10.10 15:08:05.851,8.79361,8.79504,2.55,1.50
2013.10.10 15:08:06.092,8.79361,8.79601,2.55,1.50
2013.10.10 15:08:06.157,8.79366,8.79601,2.70,1.50
2013.10.10 15:08:06.401,8.79366,8.79601,2.70,1.50
2013.10.10 15:08:06.700,8.79376,8.79613,1.50,1.50
2013.10.10 15:08:06.940,8.79383,8.79622,1.50,1.50
2013.10.10 15:08:07.131,8.79383,8.79631,1.50,1.50
2013.10.10 15:08:07.930,8.79399,8.79635,1.50,1.50
2013.10.10 15:08:08.289,8.79432,8.7964,2.93,1.50
2013.10.10 15:08:08.649,8.79352,8.79452,1.50,4.50
2013.10.10 15:08:08.830,8.79272,8.79432,1.50,1.13
2013.10.10 15:08:08.890,8.79267,8.79428,1.50,1.50
2013.10.10 15:08:08.950,8.79243,8.79412,1.50,1.50
2013.10.10 15:08:09.130,8.79228,8.79412,1.13,2.25
2013.10.10 15:08:09.250,8.79228,8.79412,1.13,1.50
2013.10.10 15:08:09.318,8.79228,8.79415,1.13,1.50
2013.10.10 15:08:09.381,8.79228,8.79432,1.13,1.13
2013.10.10 15:08:09.560,8.79228,8.79437,1.13,1.13
2013.10.10 15:08:09.621,8.79228,8.79382,1.13,2.10
2013.10.10 15:08:09.681,8.79203,8.79382,1.13,2.10
2013.10.10 15:08:09.800,8.79193,8.79382,1.88,2.10
2013.10.10 15:08:09.920,8.79187,8.79382,2.85,2.10
2013.10.10 15:08:10.130,8.79182,8.79382,1.95,2.10
2013.10.10 15:08:10.331,8.79184,8.79382,2.48,2.10
2013.10.10 15:08:11.103,8.79181,8.79382,2.18,2.10
2013.10.10 15:08:11.573,8.79181,8.79376,2.18,1.50
2013.10.10 15:08:11.880,8.7911,8.79308,1.50,1.13
2013.10.10 15:08:11.941,8.7911,8.79308,1.50,1.13
2013.10.10 15:08:12.000,8.7911,8.79308,1.50,1.13
2013.10.10 15:08:12.185,8.79068,8.79271,1.50,2.48
2013.10.10 15:08:13.651,8.79048,8.79264,1.50,1.73
2013.10.10 15:08:14.582,8.79048,8.79264,1.50,1.73
2013.10.10 15:08:18.610,8.79048,8.79271,1.50,2.48
2013.10.10 15:08:20.522,8.79042,8.79271,1.50,2.48
2013.10.10 15:08:25.180,8.79042,8.79271,1.50,2.48
2013.10.10 15:08:25.301,8.79037,8.79271,1.50,2.48
2013.10.10 15:08:49.171,8.79033,8.79252,1.50,1.13
2013.10.10 15:08:49.941,8.79033,8.79243,1.50,1.13
2013.10.10 15:08:50.000,8.79033,8.79233,1.50,1.13
2013.10.10 15:08:50.360,8.79008,8.79217,1.50,1.13
2013.10.10 15:08:52.520,8.78998,8.79203,1.13,1.13
2013.10.10 15:08:52.880,8.78984,8.79174,1.50,2.10
2013.10.10 15:08:53.923,8.78984,8.79174,1.50,2.10
2013.10.10 15:08:54.283,8.78984,8.79174,1.50,2.10
2013.10.10 15:08:54.900,8.78984,8.79174,1.50,2.10
2013.10.10 15:08:55.470,8.79062,8.79174,2.06,2.10
2013.10.10 15:08:55.771,8.79078,8.79197,4.41,1.13
2013.10.10 15:08:56.020,8.78984,8.79197,1.58,1.13
2013.10.10 15:08:57.061,8.78984,8.79197,1.50,1.13
2013.10.10 15:08:57.181,8.78987,8.79197,1.13,1.13
2013.10.10 15:08:57.840,8.79004,8.79222,1.50,1.13
2013.10.10 15:08:58.081,8.79008,8.79235,1.13,1.13
2013.10.10 15:08:58.351,8.79008,8.79235,1.13,1.13
2013.10.10 15:08:59.562,8.79008,8.79228,1.13,1.13
2013.10.10 15:08:59.940,8.79007,8.79228,1.88,1.13
2013.10.10 15:09:00.061,8.79004,8.79228,1.50,1.13
2013.10.10 15:09:00.301,8.79004,8.79199,1.50,1.13
2013.10.10 15:09:01.122,8.78998,8.79207,1.35,1.13
2013.10.10 15:09:01.437,8.78998,8.79204,1.35,1.13
2013.10.10 15:09:02.677,8.78998,8.79204,1.35,1.13
2013.10.10 15:09:04.602,8.78998,8.79209,1.35,1.13
2013.10.10 15:09:08.453,8.78998,8.79211,1.35,1.13
2013.10.10 15:09:08.525,8.78998,8.79211,1.35,1.13
2013.10.10 15:09:08.833,8.78998,8.79211,1.35,1.13
2013.10.10 15:09:09.635,8.78998,8.792,1.35,1.13
2013.10.10 15:09:15.440,8.78998,8.79204,1.35,1.13
2013.10.10 15:09:15.564,8.78998,8.79204,1.35,1.13
2013.10.10 15:09:18.880,8.78998,8.79204,1.35,1.13
2013.10.10 15:09:19.121,8.78998,8.79207,1.35,1.13
2013.10.10 15:09:20.157,8.79038,8.79198,7.51,1.13
2013.10.10 15:09:23.090,8.79073,8.792,1.40,1.13
2013.10.10 15:09:23.461,8.79098,8.79203,5.19,1.13
2013.10.10 15:09:23.581,8.78998,8.79201,1.46,1.13
2013.10.10 15:09:23.700,8.78998,8.79201,1.35,1.13
2013.10.10 15:09:24.807,8.78988,8.79201,1.35,1.13
2013.10.10 15:09:28.862,8.78988,8.79203,1.35,1.13
2013.10.10 15:09:29.160,8.78972,8.7919,1.35,1.13
2013.10.10 15:09:30.551,8.78972,8.79193,1.35,1.13
2013.10.10 15:09:32.591,8.78968,8.7907,1.50,2.10
2013.10.10 15:09:32.652,8.78958,8.79033,1.13,1.35
2013.10.10 15:09:32.711,8.78951,8.79033,1.50,1.35
2013.10.10 15:09:32.772,8.78948,8.79023,1.13,1.50
2013.10.10 15:09:32.892,8.78757,8.78998,1.35,1.50
2013.10.10 15:09:32.952,8.7874,8.78989,2.10,1.35
2013.10.10 15:09:33.014,8.78709,8.78962,1.50,2.25
2013.10.10 15:09:33.081,8.78699,8.78878,2.33,2.25
2013.10.10 15:09:33.321,8.78699,8.78903,2.33,1.13
2013.10.10 15:09:33.441,8.78694,8.78903,1.65,1.13
2013.10.10 15:09:33.560,8.7869,8.78903,2.93,1.13
2013.10.10 15:09:33.620,8.7869,8.78903,2.93,1.13
2013.10.10 15:09:34.400,8.7869,8.78898,2.93,1.50
2013.10.10 15:09:34.523,8.7869,8.78903,2.93,1.13
2013.10.10 15:09:34.581,8.78702,8.78903,2.63,1.13
2013.10.10 15:09:34.891,8.78702,8.78894,2.63,1.50
2013.10.10 15:09:35.130,8.78716,8.78914,1.65,1.50
2013.10.10 15:09:35.251,8.78716,8.78905,1.65,1.50
2013.10.10 15:09:35.553,8.78713,8.78908,2.55,1.50
2013.10.10 15:09:35.621,8.78713,8.78928,2.55,1.50
2013.10.10 15:09:35.740,8.78713,8.7893,2.55,1.50
2013.10.10 15:09:35.861,8.78711,8.7893,2.70,1.50
2013.10.10 15:09:36.761,8.78711,8.78953,2.70,1.50
2013.10.10 15:09:37.179,8.78703,8.78944,2.63,1.50
2013.10.10 15:09:38.082,8.78703,8.78937,2.63,1.50
2013.10.10 15:09:38.320,8.78701,8.78937,2.40,1.50
2013.10.10 15:09:38.932,8.78701,8.78913,2.40,1.50
2013.10.10 15:09:39.052,8.78682,8.78906,2.85,1.50
2013.10.10 15:09:43.420,8.78682,8.78896,2.85,1.50
2013.10.10 15:09:43.989,8.78683,8.78896,2.48,1.50
2013.10.10 15:09:46.305,8.78682,8.78896,1.50,1.50
2013.10.10 15:09:48.170,8.78682,8.78889,1.50,1.50
2013.10.10 15:09:48.231,8.78683,8.78896,2.25,1.50
2013.10.10 15:09:48.991,8.78683,8.7888,2.25,1.50
2013.10.10 15:09:49.110,8.78667,8.7888,2.40,1.50
2013.10.10 15:09:49.230,8.78667,8.78874,2.40,1.50
2013.10.10 15:09:50.820,8.78667,8.78867,2.40,1.50
2013.10.10 15:09:51.751,8.78667,8.78867,2.40,1.50
2013.10.10 15:09:52.113,8.78667,8.78845,2.40,1.50
2013.10.10 15:09:52.290,8.78632,8.78845,1.50,1.50
2013.10.10 15:09:52.414,8.78632,8.78845,1.50,1.50
2013.10.10 15:09:52.482,8.78632,8.78859,1.50,1.50
2013.10.10 15:09:52.551,8.78632,8.7888,1.50,1.50
2013.10.10 15:09:53.551,8.78632,8.78876,2.55,1.50
2013.10.10 15:09:53.879,8.78637,8.78876,2.70,1.50
2013.10.10 15:09:54.300,8.78637,8.78861,2.70,2.25
2013.10.10 15:09:54.360,8.78613,8.78851,2.18,1.50
2013.10.10 15:09:54.610,8.78613,8.7885,2.18,2.25
2013.10.10 15:09:55.894,8.78613,8.78836,2.18,2.25
2013.10.10 15:09:55.961,8.78613,8.78825,2.18,1.50
2013.10.10 15:09:56.553,8.78612,8.78836,2.03,1.50
2013.10.10 15:09:57.482,8.78612,8.78803,2.03,1.50
2013.10.10 15:09:57.660,8.78562,8.78764,1.50,1.50
2013.10.10 15:09:57.720,8.78562,8.78756,1.50,1.50
2013.10.10 15:09:58.540,8.78562,8.7879,1.50,1.50
2013.10.10 15:09:58.601,8.78562,8.78801,1.50,1.50
2013.10.10 15:09:58.900,8.78591,8.78817,2.25,1.50
2013.10.10 15:09:59.021,8.78568,8.78821,2.93,1.50
2013.10.10 15:09:59.081,8.78567,8.78821,2.85,1.50
2013.10.10 15:09:59.260,8.78573,8.78816,2.03,1.50
2013.10.10 15:09:59.770,8.78573,8.78816,2.03,1.50
2013.10.10 15:10:00.010,8.78573,8.78815,2.03,1.50
2013.10.10 15:10:00.313,8.78573,8.78829,2.03,1.50
2013.10.10 15:10:00.373,8.78573,8.78841,2.03,1.50
2013.10.10 15:10:00.442,8.78573,8.78851,2.03,2.03
2013.10.10 15:10:00.952,8.78578,8.78848,2.10,2.33
2013.10.10 15:10:01.294,8.78575,8.78845,1.50,2.40
2013.10.10 15:10:01.880,8.78573,8.78843,2.48,1.73
2013.10.10 15:10:02.240,8.7858,8.7884,2.25,1.50
2013.10.10 15:10:02.362,8.78578,8.78838,1.50,1.65
2013.10.10 15:10:02.480,8.78586,8.78838,1.50,1.65
2013.10.10 15:10:02.691,8.78578,8.78838,1.50,1.65
2013.10.10 15:10:02.951,8.78578,8.78838,1.50,1.65
2013.10.10 15:10:03.190,8.78576,8.78835,1.50,2.33
2013.10.10 15:10:03.800,8.78575,8.78835,1.50,2.33
2013.10.10 15:10:04.494,8.78575,8.78832,1.50,2.63
2013.10.10 15:10:04.810,8.7857,8.78815,1.50,1.13
2013.10.10 15:10:04.930,8.78559,8.78815,1.50,1.13
2013.10.10 15:10:05.940,8.78552,8.78812,2.55,1.13
2013.10.10 15:10:06.121,8.78562,8.78812,1.50,1.13
2013.10.10 15:10:06.240,8.78564,8.78807,1.50,1.13
2013.10.10 15:10:07.793,8.78561,8.78807,1.50,1.13
2013.10.10 15:10:08.095,8.78559,8.78807,1.50,1.13
2013.10.10 15:10:08.502,8.78566,8.78814,1.50,1.13
2013.10.10 15:10:08.743,8.78566,8.78814,1.50,1.13
2013.10.10 15:10:08.871,8.78566,8.78814,1.50,1.13
2013.10.10 15:10:11.161,8.78566,8.78814,1.50,1.13
2013.10.10 15:10:11.340,8.78532,8.78768,1.50,1.13
2013.10.10 15:10:12.121,8.78532,8.78744,1.50,1.58
2013.10.10 15:10:12.553,8.78523,8.78744,1.50,1.58
2013.10.10 15:10:14.053,8.78513,8.78744,1.50,1.58
2013.10.10 15:10:14.124,8.78513,8.78747,1.50,1.95
2013.10.10 15:10:14.313,8.78513,8.78747,1.50,1.95
2013.10.10 15:10:14.381,8.78513,8.78747,1.50,1.95
2013.10.10 15:10:14.870,8.78525,8.78748,1.50,1.58
2013.10.10 15:10:15.293,8.78561,8.78751,1.50,1.58
2013.10.10 15:10:15.650,8.78602,8.78751,1.50,1.58
2013.10.10 15:10:16.041,8.78602,8.78751,1.50,1.58
2013.10.10 15:10:16.101,8.78592,8.78753,1.50,1.95
2013.10.10 15:10:16.161,8.78563,8.78753,1.50,1.95
2013.10.10 15:10:16.281,8.7858,8.78798,1.50,2.25
2013.10.10 15:10:16.340,8.78594,8.78798,2.25,2.25
2013.10.10 15:10:17.093,8.78603,8.78798,1.50,2.25
2013.10.10 15:10:17.453,8.78621,8.78798,2.25,2.25
2013.10.10 15:10:17.644,8.78621,8.78828,1.50,1.65
2013.10.10 15:10:17.712,8.7863,8.78828,2.85,1.65
2013.10.10 15:10:18.441,8.78637,8.78828,1.80,1.65
2013.10.10 15:10:18.501,8.78637,8.78857,1.80,1.88
2013.10.10 15:10:19.172,8.78638,8.78857,1.13,1.88
2013.10.10 15:10:19.421,8.78635,8.78857,1.13,2.70
2013.10.10 15:10:19.480,8.78635,8.78888,1.13,1.50
2013.10.10 15:10:19.780,8.78623,8.78888,2.85,1.50
2013.10.10 15:10:20.022,8.78633,8.78888,1.13,1.50
2013.10.10 15:10:21.941,8.78639,8.78888,2.10,1.50
2013.10.10 15:10:23.191,8.7863,8.78888,2.40,1.65
2013.10.10 15:10:24.454,8.78646,8.78888,2.78,1.95
2013.10.10 15:10:25.250,8.78643,8.78888,2.85,1.95
2013.10.10 15:10:27.948,8.78637,8.78888,1.13,1.95
2013.10.10 15:10:31.420,8.78622,8.78888,1.13,2.33
2013.10.10 15:10:31.721,8.78641,8.78837,1.50,2.25
2013.10.10 15:10:31.780,8.78641,8.78837,1.50,2.25
2013.10.10 15:10:32.761,8.78626,8.78837,2.93,2.25
2013.10.10 15:10:32.821,8.78636,8.78918,1.13,2.40
2013.10.10 15:10:32.881,8.78657,8.78918,1.13,2.40
2013.10.10 15:10:34.401,8.78649,8.78918,1.13,2.40
2013.10.10 15:10:34.460,8.78658,8.78918,2.25,2.40
2013.10.10 15:10:34.761,8.78626,8.78788,1.50,2.70
2013.10.10 15:10:36.345,8.78616,8.78857,2.25,2.33
2013.10.10 15:10:36.533,8.78618,8.78857,1.50,2.33
2013.10.10 15:10:37.041,8.78616,8.78858,2.25,1.65
2013.10.10 15:10:37.565,8.78582,8.78887,1.50,2.33
2013.10.10 15:10:37.632,8.78568,8.78881,1.50,1.50
2013.10.10 15:10:37.702,8.78587,8.78881,1.50,1.50
2013.10.10 15:10:38.034,8.78602,8.78799,1.50,2.33
2013.10.10 15:10:38.371,8.78587,8.788,1.50,1.73
2013.10.10 15:10:38.551,8.78587,8.788,1.50,1.73
2013.10.10 15:10:39.543,8.78572,8.78803,1.50,2.33
2013.10.10 15:10:39.662,8.78604,8.78803,1.50,2.33
2013.10.10 15:10:40.023,8.78624,8.78805,1.50,1.58
2013.10.10 15:10:40.163,8.78613,8.78805,1.50,1.58
2013.10.10 15:10:40.651,8.78608,8.78805,1.50,1.58
2013.10.10 15:10:43.231,8.78608,8.78808,1.50,1.58
2013.10.10 15:10:43.290,8.78608,8.7881,1.50,2.40
2013.10.10 15:10:47.120,8.78608,8.78814,1.50,1.95
2013.10.10 15:10:48.462,8.78625,8.78814,1.50,1.95
2013.10.10 15:10:48.702,8.78625,8.78848,1.50,1.58
2013.10.10 15:10:48.821,8.78633,8.78851,1.50,2.78
2013.10.10 15:10:49.322,8.78625,8.78851,1.50,2.78
2013.10.10 15:10:49.951,8.78651,8.78851,1.50,2.78
2013.10.10 15:10:50.284,8.78619,8.78851,1.50,2.78
2013.10.10 15:10:50.728,8.78596,8.78808,1.50,1.35
2013.10.10 15:10:50.851,8.7853,8.78781,1.50,1.13
2013.10.10 15:10:51.803,8.78511,8.78735,1.50,1.13
2013.10.10 15:10:51.861,8.78497,8.78735,1.50,1.13
2013.10.10 15:10:51.982,8.78489,8.78735,1.50,1.13
2013.10.10 15:10:52.481,8.78498,8.78728,1.50,1.35
2013.10.10 15:10:52.660,8.7849,8.78698,1.50,1.13
2013.10.10 15:10:53.121,8.78453,8.78698,1.50,1.13
2013.10.10 15:10:53.610,8.78453,8.78689,1.50,1.13
2013.10.10 15:10:53.920,8.78448,8.78679,1.06,1.13
2013.10.10 15:10:54.040,8.78444,8.78679,1.70,1.13
2013.10.10 15:10:54.345,8.78443,8.78679,1.80,1.13
2013.10.10 15:10:54.470,8.78443,8.78689,1.80,2.25
2013.10.10 15:10:54.531,8.78491,8.78739,1.50,1.50
2013.10.10 15:10:54.590,8.78491,8.78745,1.50,1.50
2013.10.10 15:10:54.650,8.7852,8.78749,1.50,2.93
2013.10.10 15:10:54.953,8.7853,8.78749,1.50,2.93
2013.10.10 15:10:55.440,8.7855,8.78749,2.48,2.93
2013.10.10 15:10:55.500,8.7855,8.78767,2.48,1.88
2013.10.10 15:10:55.560,8.78574,8.78767,1.73,1.88
2013.10.10 15:10:55.861,8.78632,8.78764,1.50,2.25
2013.10.10 15:10:56.221,8.78656,8.78782,1.50,2.25
2013.10.10 15:10:56.281,8.78675,8.78868,2.25,1.65
2013.10.10 15:10:56.401,8.7865,8.78868,1.50,1.65
2013.10.10 15:10:56.520,8.78651,8.78874,1.50,2.25
2013.10.10 15:10:56.640,8.78659,8.78874,1.50,2.25
2013.10.10 15:10:57.480,8.78665,8.78883,1.50,1.50
2013.10.10 15:10:57.661,8.78679,8.78883,1.50,1.50
2013.10.10 15:10:57.990,8.7872,8.78883,1.50,1.50
2013.10.10 15:10:58.461,8.78734,8.78938,1.50,2.55
2013.10.10 15:10:58.520,8.78724,8.78938,2.10,2.55
2013.10.10 15:10:58.641,8.78696,8.78938,1.50,2.55
2013.10.10 15:10:58.708,8.78696,8.78938,1.50,2.55
2013.10.10 15:10:59.011,8.78706,8.78938,1.50,2.55
2013.10.10 15:10:59.831,8.78673,8.78968,1.50,2.70
2013.10.10 15:10:59.891,8.78676,8.78968,2.25,2.70
2013.10.10 15:11:00.230,8.78658,8.78956,2.25,1.13
2013.10.10 15:11:00.470,8.78641,8.78901,2.25,2.63
2013.10.10 15:11:04.302,8.78641,8.78898,1.50,2.25
2013.10.10 15:11:04.723,8.78641,8.78895,1.50,1.80
2013.10.10 15:11:05.620,8.78641,8.78885,1.50,1.13
2013.10.10 15:11:05.741,8.78635,8.78885,1.50,1.13
2013.10.10 15:11:08.001,8.78636,8.78885,1.50,1.13
2013.10.10 15:11:10.056,8.78636,8.78885,1.50,1.13
2013.10.10 15:11:10.920,8.78632,8.78883,1.50,1.13
2013.10.10 15:11:14.442,8.78632,8.78883,1.50,1.13
2013.10.10 15:11:15.100,8.78629,8.78883,1.50,1.13
2013.10.10 15:11:15.192,8.78622,8.78896,1.50,1.13
2013.10.10 15:11:17.070,8.78615,8.78899,1.50,1.13
2013.10.10 15:11:17.131,8.78615,8.78891,1.50,1.13
2013.10.10 15:11:19.090,8.78615,8.78899,1.50,1.88
2013.10.10 15:11:23.361,8.78612,8.78899,1.50,1.50
2013.10.10 15:11:23.421,8.78611,8.78899,1.50,1.50
2013.10.10 15:11:23.483,8.78615,8.78901,1.50,1.50
2013.10.10 15:11:23.540,8.78641,8.78911,2.25,1.80
2013.10.10 15:11:23.843,8.78689,8.78911,1.50,1.80
2013.10.10 15:11:24.190,8.78699,8.78911,1.50,1.80
2013.10.10 15:11:24.431,8.7868,8.78911,1.50,1.80
2013.10.10 15:11:24.491,8.7868,8.78918,1.50,2.93
2013.10.10 15:11:24.732,8.7866,8.78918,1.50,2.93
2013.10.10 15:11:24.791,8.78677,8.78918,1.50,2.93
2013.10.10 15:11:25.870,8.78647,8.78918,2.25,2.93
2013.10.10 15:11:25.930,8.78626,8.78908,1.50,1.13
2013.10.10 15:11:26.056,8.78666,8.78902,1.50,1.13
2013.10.10 15:11:26.125,8.78636,8.78902,2.25,1.13
2013.10.10 15:11:26.191,8.78618,8.78902,1.50,1.13
2013.10.10 15:11:26.501,8.78618,8.78902,1.50,1.80
2013.10.10 15:11:27.326,8.78618,8.78902,1.50,1.88
2013.10.10 15:11:34.533,8.78613,8.78893,1.50,1.13
2013.10.10 15:11:40.051,8.78597,8.78893,1.50,1.13
2013.10.10 15:11:40.111,8.78597,8.78883,1.50,1.13
2013.10.10 15:11:40.350,8.78609,8.78885,1.50,1.13
2013.10.10 15:11:40.472,8.78614,8.789,1.50,1.88
2013.10.10 15:11:41.543,8.78613,8.78899,1.50,1.13
2013.10.10 15:11:41.866,8.78603,8.78883,2.03,1.13
2013.10.10 15:11:43.042,8.78603,8.78883,2.03,1.13
2013.10.10 15:11:43.101,8.78603,8.78846,2.03,1.50
2013.10.10 15:11:43.402,8.78579,8.78807,1.50,1.13
2013.10.10 15:11:43.702,8.78524,8.78808,1.50,1.13
2013.10.10 15:11:44.271,8.78524,8.78808,1.50,1.13
2013.10.10 15:11:47.401,8.78522,8.78815,1.50,1.50
2013.10.10 15:11:47.521,8.78527,8.78815,1.50,1.50
2013.10.10 15:11:47.582,8.78527,8.78796,1.50,1.50
2013.10.10 15:11:47.941,8.78479,8.78763,1.50,1.05
2013.10.10 15:11:48.301,8.78558,8.78759,1.73,1.05
2013.10.10 15:11:48.921,8.78569,8.78783,1.35,1.13
2013.10.10 15:11:49.281,8.78549,8.78779,1.50,1.13
2013.10.10 15:11:49.400,8.78494,8.78746,1.50,1.13
2013.10.10 15:11:49.581,8.78488,8.78764,1.50,1.50
2013.10.10 15:11:49.640,8.78509,8.7877,1.50,2.25
2013.10.10 15:11:49.948,8.78547,8.7877,1.50,2.25
2013.10.10 15:11:50.071,8.78539,8.7877,1.50,2.25
2013.10.10 15:11:50.591,8.78539,8.78779,1.50,2.33
2013.10.10 15:11:50.651,8.78548,8.78779,1.50,2.33
2013.10.10 15:11:53.084,8.78549,8.78779,2.25,2.33
2013.10.10 15:11:53.561,8.78558,8.78787,1.50,2.40
2013.10.10 15:11:53.741,8.78587,8.78787,1.50,2.40
2013.10.10 15:11:54.126,8.78587,8.78787,1.50,2.40
2013.10.10 15:11:55.031,8.78587,8.78798,1.50,2.40
2013.10.10 15:11:55.221,8.78568,8.78798,1.50,2.40
2013.10.10 15:11:55.341,8.78568,8.78798,1.50,2.40
2013.10.10 15:11:57.500,8.78581,8.78798,1.50,2.40
2013.10.10 15:11:57.561,8.78582,8.78798,1.50,2.40
2013.10.10 15:11:57.620,8.78568,8.78802,1.50,2.85
2013.10.10 15:11:58.110,8.78558,8.78802,1.50,2.85
2013.10.10 15:12:00.143,8.78558,8.78818,1.50,1.95
2013.10.10 15:12:00.522,8.78558,8.7882,1.50,2.48
2013.10.10 15:12:01.150,8.78549,8.7882,1.50,2.48
2013.10.10 15:12:03.135,8.78549,8.78817,1.50,2.10
2013.10.10 15:12:04.051,8.78558,8.78817,1.50,2.10
2013.10.10 15:12:04.410,8.78649,8.78923,1.50,1.13
2013.10.10 15:12:04.471,8.78649,8.78923,1.50,1.13
2013.10.10 15:12:04.591,8.78656,8.78923,1.80,1.13
2013.10.10 15:12:06.561,8.7867,8.78932,1.95,1.13
2013.10.10 15:12:07.541,8.78641,8.78915,1.50,1.13
2013.10.10 15:12:07.601,8.78629,8.78915,1.50,1.13
2013.10.10 15:12:07.721,8.78629,8.78892,1.50,1.13
2013.10.10 15:12:07.901,8.78658,8.78932,1.50,1.13
2013.10.10 15:12:08.320,8.78659,8.78933,2.03,1.13
2013.10.10 15:12:08.871,8.78664,8.78933,2.10,1.13
2013.10.10 15:12:10.284,8.78661,8.78933,1.73,1.13
2013.10.10 15:12:11.510,8.78661,8.78942,1.73,1.13
2013.10.10 15:12:11.570,8.78671,8.78951,1.50,1.13
2013.10.10 15:12:11.631,8.7869,8.78951,1.80,1.13
2013.10.10 15:12:12.500,8.7869,8.78979,1.80,1.50
2013.10.10 15:12:12.560,8.787,8.78984,1.50,1.50
2013.10.10 15:12:12.620,8.78705,8.78991,1.50,1.50
2013.10.10 15:12:12.680,8.78705,8.79001,1.50,1.95
2013.10.10 15:12:13.220,8.78706,8.79,1.50,2.48
2013.10.10 15:12:16.330,8.78706,8.78997,1.50,2.33
2013.10.10 15:12:16.654,8.78746,8.78997,1.50,2.33
2013.10.10 15:12:16.961,8.78781,8.79039,2.63,1.50
2013.10.10 15:12:17.021,8.78788,8.79039,2.33,1.50
2013.10.10 15:12:17.351,8.78788,8.79032,2.33,1.50
2013.10.10 15:12:17.676,8.78791,8.79032,1.73,1.50
2013.10.10 15:12:18.471,8.78791,8.79042,1.73,1.50
2013.10.10 15:12:18.940,8.78787,8.79042,2.85,1.50
2013.10.10 15:12:19.361,8.78787,8.79035,2.85,1.50
2013.10.10 15:12:19.481,8.78787,8.79047,2.85,1.50
2013.10.10 15:12:20.121,8.78787,8.79041,2.85,1.50
2013.10.10 15:12:21.201,8.78785,8.79041,1.73,1.50
2013.10.10 15:12:22.420,8.78785,8.7902,1.73,1.13
2013.10.10 15:12:22.481,8.78745,8.7902,1.50,1.13
2013.10.10 15:12:22.840,8.78733,8.78993,1.50,1.13
2013.10.10 15:12:23.405,8.78725,8.78989,2.70,1.50
2013.10.10 15:12:24.810,8.78725,8.78993,2.70,1.13
2013.10.10 15:12:25.347,8.78724,8.78993,1.58,1.13
2013.10.10 15:12:25.560,8.78724,8.78993,1.58,1.13
2013.10.10 15:12:28.122,8.78725,8.78992,1.73,1.50
2013.10.10 15:12:29.544,8.78723,8.78992,2.93,1.50
2013.10.10 15:12:29.980,8.78723,8.78992,2.93,1.50
2013.10.10 15:12:31.282,8.78739,8.78993,2.55,1.88
2013.10.10 15:12:31.401,8.78739,8.79001,2.55,1.13
2013.10.10 15:12:31.522,8.78744,8.79001,1.65,1.13
2013.10.10 15:12:32.131,8.78744,8.79001,1.65,1.13
2013.10.10 15:12:32.490,8.78778,8.79007,2.63,1.13
2013.10.10 15:12:32.550,8.78778,8.79027,2.63,1.50
2013.10.10 15:12:32.611,8.78778,8.79035,2.63,1.50
2013.10.10 15:12:32.670,8.78778,8.79056,2.63,1.50
2013.10.10 15:12:32.732,8.78785,8.79056,2.55,1.50
2013.10.10 15:12:33.911,8.78772,8.79056,2.40,1.50
2013.10.10 15:12:34.090,8.78772,8.79049,2.40,1.50
2013.10.10 15:12:34.461,8.78762,8.79049,2.78,1.50
2013.10.10 15:12:34.640,8.78762,8.79049,2.78,1.50
2013.10.10 15:12:35.084,8.78762,8.79042,2.78,1.50
2013.10.10 15:12:35.699,8.78761,8.79036,2.85,1.50
2013.10.10 15:12:36.931,8.78759,8.79036,2.33,1.50
2013.10.10 15:12:37.782,8.78761,8.79036,1.65,1.50
2013.10.10 15:12:37.842,8.78761,8.79036,1.65,1.50
2013.10.10 15:12:38.421,8.78761,8.79051,1.65,1.50
2013.10.10 15:12:38.990,8.78763,8.79051,2.70,1.50
2013.10.10 15:12:40.071,8.78767,8.79051,2.03,1.50
2013.10.10 15:12:40.191,8.78767,8.79061,2.03,2.25
2013.10.10 15:12:40.443,8.78767,8.79054,2.03,1.50
2013.10.10 15:12:40.751,8.78741,8.79025,1.50,1.13
2013.10.10 15:12:41.150,8.78731,8.79002,1.80,1.13
2013.10.10 15:12:41.530,8.78722,8.78992,2.93,1.13
2013.10.10 15:12:42.072,8.78722,8.78986,2.93,1.13
2013.10.10 15:12:42.430,8.78697,8.78956,1.58,1.13
2013.10.10 15:12:42.610,8.78681,8.78949,1.73,1.13
2013.10.10 15:12:45.142,8.78681,8.78832,1.73,2.10
2013.10.10 15:12:45.502,8.78537,8.78731,2.34,1.73
2013.10.10 15:12:45.563,8.78537,8.78731,1.50,1.73
2013.10.10 15:12:45.623,8.78476,8.78727,1.50,1.73
2013.10.10 15:12:45.692,8.78476,8.78712,1.50,1.73
2013.10.10 15:12:45.932,8.7845,8.78724,1.50,1.73
2013.10.10 15:12:46.312,8.78444,8.7872,1.50,1.73
2013.10.10 15:12:46.701,8.78437,8.78704,1.50,1.73
2013.10.10 15:12:49.691,8.78457,8.78663,1.35,1.13
2013.10.10 15:13:03.854,8.78463,8.78663,1.73,1.13
2013.10.10 15:13:03.921,8.78476,8.78663,1.35,1.13
2013.10.10 15:13:04.317,8.78491,8.78682,1.13,1.13
2013.10.10 15:13:04.620,8.78491,8.78663,1.13,1.13
2013.10.10 15:13:04.800,8.78472,8.78663,1.35,1.13
2013.10.10 15:13:06.558,8.78472,8.78663,1.35,1.13
2013.10.10 15:13:07.553,8.78472,8.78663,1.35,1.13
2013.10.10 15:13:07.881,8.78509,8.78663,1.35,1.13
2013.10.10 15:13:07.941,8.78509,8.78738,1.35,1.13
2013.10.10 15:13:08.001,8.78549,8.78738,2.10,1.13
2013.10.10 15:13:08.062,8.78549,8.78748,2.10,1.50
2013.10.10 15:13:08.122,8.78551,8.78767,1.88,1.50
2013.10.10 15:13:08.241,8.78561,8.78767,1.50,1.50
2013.10.10 15:13:08.301,8.78561,8.78783,1.50,1.61
2013.10.10 15:13:09.182,8.7858,8.78783,2.55,1.61
2013.10.10 15:13:09.711,8.7858,8.78783,2.63,1.23
2013.10.10 15:13:10.061,8.78663,8.78783,1.50,1.59
2013.10.10 15:13:10.120,8.78663,8.78811,1.50,1.13
2013.10.10 15:13:10.180,8.78676,8.78812,1.50,1.13
2013.10.10 15:13:10.300,8.78692,8.78833,1.50,1.88
2013.10.10 15:13:10.480,8.78708,8.78912,1.13,1.13
2013.10.10 15:13:12.611,8.78709,8.78912,1.50,1.13
2013.10.10 15:13:12.920,8.78696,8.78787,1.13,3.00
2013.10.10 15:13:12.980,8.78679,8.78757,1.13,3.00
2013.10.10 15:13:13.100,8.78605,8.78693,1.50,1.13
2013.10.10 15:13:13.162,8.78594,8.78693,2.25,1.13
2013.10.10 15:13:13.221,8.78544,8.78693,1.35,1.13
2013.10.10 15:13:14.060,8.78537,8.78763,2.10,1.13
2013.10.10 15:13:14.182,8.78537,8.78763,2.10,1.13
2013.10.10 15:13:18.171,8.78537,8.78732,2.10,1.13
2013.10.10 15:13:18.553,8.78547,8.78732,1.35,1.13
2013.10.10 15:13:18.790,8.78566,8.78742,1.80,1.13
2013.10.10 15:13:19.289,8.78585,8.78742,1.50,1.13
2013.10.10 15:13:19.350,8.78585,8.78813,1.50,1.13
2013.10.10 15:13:19.471,8.78598,8.78824,1.35,1.50
2013.10.10 15:13:19.532,8.78635,8.78829,2.40,1.50
2013.10.10 15:13:19.891,8.78646,8.78832,2.93,1.13
2013.10.10 15:13:20.171,8.78642,8.78833,2.63,1.13
2013.10.10 15:13:20.412,8.78642,8.78833,2.63,1.13
2013.10.10 15:13:20.531,8.78639,8.78833,2.63,1.13
2013.10.10 15:13:20.802,8.78639,8.78873,2.63,1.13
2013.10.10 15:13:21.101,8.78671,8.78863,1.50,1.13
2013.10.10 15:13:21.162,8.78684,8.78876,1.13,1.50
2013.10.10 15:13:21.282,8.78707,8.78886,1.13,1.50
2013.10.10 15:13:21.341,8.78707,8.78913,1.13,1.13
2013.10.10 15:13:21.401,8.7868,8.78896,1.50,1.13
2013.10.10 15:13:21.461,8.78688,8.78896,1.50,1.13
2013.10.10 15:13:21.582,8.78653,8.78896,1.80,1.13
2013.10.10 15:13:21.651,8.78649,8.78896,2.10,1.13
2013.10.10 15:13:21.831,8.78646,8.78878,1.95,1.13
2013.10.10 15:13:22.369,8.78644,8.78886,2.85,1.13
2013.10.10 15:13:22.740,8.78644,8.78785,2.85,1.50
2013.10.10 15:13:22.931,8.78639,8.78785,2.70,1.50
2013.10.10 15:13:25.128,8.78637,8.78785,2.33,1.50
2013.10.10 15:13:27.470,8.78636,8.78785,2.78,1.50
2013.10.10 15:13:28.040,8.78634,8.78785,1.80,1.50
2013.10.10 15:13:29.381,8.78634,8.78829,1.80,1.50
2013.10.10 15:13:29.441,8.78643,8.78829,2.40,1.50
2013.10.10 15:13:30.080,8.78646,8.78829,2.03,1.50
2013.10.10 15:13:30.430,8.78646,8.78805,2.03,1.50
2013.10.10 15:13:30.551,8.78633,8.78805,2.33,1.50
2013.10.10 15:13:33.183,8.78633,8.78891,2.33,1.13
2013.10.10 15:13:33.931,8.78635,8.78893,2.25,1.88
2013.10.10 15:13:35.640,8.78635,8.78815,2.25,1.35
2013.10.10 15:13:35.702,8.78602,8.7881,1.50,1.50
2013.10.10 15:13:35.760,8.78602,8.78793,1.50,1.13
2013.10.10 15:13:35.821,8.78572,8.78793,1.50,1.13
2013.10.10 15:13:35.941,8.78562,8.78792,1.50,1.13
2013.10.10 15:13:37.805,8.78562,8.78703,1.50,1.13
2013.10.10 15:13:38.392,8.78562,8.78688,1.50,1.50
2013.10.10 15:13:38.574,8.78525,8.78683,2.10,1.13
2013.10.10 15:13:40.935,8.78525,8.78763,2.10,1.13
2013.10.10 15:13:41.005,8.78525,8.78771,2.10,1.50
2013.10.10 15:13:41.371,8.78564,8.78774,1.35,1.50
2013.10.10 15:13:43.121,8.78597,8.7881,2.63,1.50
2013.10.10 15:13:44.330,8.78597,8.78794,2.63,1.50
2013.10.10 15:13:44.850,8.78598,8.78794,2.78,1.50
2013.10.10 15:13:45.211,8.78596,8.7877,2.40,1.50
2013.10.10 15:13:46.514,8.78596,8.78761,2.40,1.50
2013.10.10 15:13:48.161,8.78599,8.78761,2.48,1.50
2013.10.10 15:13:48.223,8.78599,8.78785,2.48,1.50
2013.10.10 15:13:50.318,8.78599,8.78849,2.48,1.13
2013.10.10 15:13:51.270,8.78597,8.78841,1.88,1.13
2013.10.10 15:13:52.961,8.78597,8.78809,1.88,1.13
2013.10.10 15:13:53.021,8.78592,8.78809,2.63,1.13
2013.10.10 15:13:53.140,8.78592,8.78809,2.63,1.13
2013.10.10 15:13:53.325,8.78588,8.78803,2.03,1.13
2013.10.10 15:13:53.391,8.78588,8.78727,2.03,1.50
2013.10.10 15:13:53.771,8.78578,8.78727,2.93,1.50
2013.10.10 15:13:54.361,8.78578,8.78721,2.93,1.50
2013.10.10 15:13:54.890,8.78572,8.78721,1.88,1.50
2013.10.10 15:13:55.751,8.7854,8.78711,2.70,1.50
2013.10.10 15:13:56.861,8.78537,8.78707,2.48,1.50
2013.10.10 15:13:57.771,8.78533,8.78707,2.85,1.50
2013.10.10 15:13:58.470,8.78533,8.78702,2.85,1.50
2013.10.10 15:13:58.741,8.78533,8.78773,2.85,1.13
2013.10.10 15:13:58.860,8.78504,8.78762,1.80,1.13
2013.10.10 15:14:00.472,8.78505,8.78765,1.88,1.13
2013.10.10 15:14:01.251,8.78503,8.78763,2.55,1.13
2013.10.10 15:14:04.610,8.78503,8.78751,2.55,1.13
2013.10.10 15:14:04.800,8.7849,8.7874,1.50,1.13
2013.10.10 15:14:04.861,8.78487,8.7874,1.50,1.13
2013.10.10 15:14:04.981,8.78485,8.78733,1.50,1.13
2013.10.10 15:14:05.061,8.78485,8.78733,1.50,1.13
2013.10.10 15:14:05.970,8.78485,8.78745,1.50,1.80
2013.10.10 15:14:06.031,8.78487,8.78745,1.50,1.80
2013.10.10 15:14:06.418,8.78518,8.78751,1.50,2.33
2013.10.10 15:14:07.541,8.78511,8.78756,1.50,2.55
2013.10.10 15:14:07.600,8.78511,8.78756,1.50,2.55
2013.10.10 15:14:08.051,8.78518,8.78756,1.50,2.55
2013.10.10 15:14:08.481,8.78515,8.78756,1.50,2.55
2013.10.10 15:14:08.722,8.78513,8.78756,1.50,2.55
2013.10.10 15:14:08.782,8.78513,8.7876,1.50,1.50
2013.10.10 15:14:09.830,8.78513,8.78763,1.50,2.85
2013.10.10 15:14:10.726,8.78508,8.78766,3.00,2.70
2013.10.10 15:14:11.531,8.78508,8.78766,2.25,2.70
2013.10.10 15:14:11.711,8.78517,8.78775,1.50,2.85
2013.10.10 15:14:12.791,8.78509,8.78773,1.50,1.13
2013.10.10 15:14:13.413,8.78517,8.78773,1.50,1.13
2013.10.10 15:14:13.792,8.7851,8.78765,1.50,1.13
2013.10.10 15:14:14.678,8.7851,8.78765,1.50,1.13
2013.10.10 15:14:14.801,8.7851,8.78759,1.50,1.13
2013.10.10 15:14:15.732,8.7851,8.78759,1.50,1.13
2013.10.10 15:14:16.085,8.7851,8.78754,2.85,1.13
2013.10.10 15:14:16.511,8.78542,8.7879,1.35,1.13
2013.10.10 15:14:16.571,8.7854,8.7879,2.10,1.13
2013.10.10 15:14:17.400,8.78513,8.78748,1.50,1.13
2013.10.10 15:14:17.461,8.78513,8.78748,1.50,1.13
2013.10.10 15:14:17.521,8.7852,8.78752,1.50,1.13
2013.10.10 15:14:17.581,8.785,8.78731,1.50,1.65
2013.10.10 15:14:17.642,8.78484,8.78731,1.50,1.65
2013.10.10 15:14:17.701,8.78484,8.78731,1.50,1.65
2013.10.10 15:14:17.820,8.78484,8.78726,1.50,2.33
2013.10.10 15:14:18.911,8.78479,8.78721,1.50,2.18
2013.10.10 15:14:19.440,8.78472,8.78568,1.50,2.10
2013.10.10 15:14:19.621,8.78408,8.7848,1.50,1.50
2013.10.10 15:14:19.681,8.78302,8.78479,1.88,1.88
2013.10.10 15:14:19.801,8.78302,8.78374,1.80,1.50
2013.10.10 15:14:19.861,8.78234,8.78374,2.48,1.50
2013.10.10 15:14:19.921,8.78234,8.78361,2.48,1.13
2013.10.10 15:14:19.982,8.78188,8.78317,1.50,1.13
2013.10.10 15:14:20.041,8.78188,8.78317,1.50,1.13
2013.10.10 15:14:20.101,8.78138,8.78311,2.25,1.13
2013.10.10 15:14:20.161,8.78117,8.78311,1.50,1.13
2013.10.10 15:14:20.460,8.78125,8.78361,1.50,1.13
2013.10.10 15:14:20.580,8.78125,8.78361,1.50,1.13
2013.10.10 15:14:21.172,8.78125,8.7834,1.50,1.13
2013.10.10 15:14:21.294,8.78125,8.7834,1.50,1.13
2013.10.10 15:14:22.212,8.78102,8.7834,1.50,1.13
2013.10.10 15:14:22.723,8.78102,8.7834,1.50,1.88
2013.10.10 15:14:24.226,8.78102,8.78338,1.50,1.13
2013.10.10 15:14:28.121,8.78138,8.78332,1.78,1.13
2013.10.10 15:14:28.303,8.78177,8.78383,1.20,1.13
2013.10.10 15:14:28.482,8.78177,8.78391,1.20,1.13
2013.10.10 15:14:29.032,8.78183,8.78409,1.65,1.13
2013.10.10 15:14:29.851,8.78287,8.78409,2.10,1.13
2013.10.10 15:14:30.032,8.78287,8.78433,2.10,1.13
2013.10.10 15:14:30.091,8.78367,8.78433,2.10,1.13
2013.10.10 15:14:30.271,8.78367,8.78512,2.10,2.28
2013.10.10 15:14:30.331,8.78307,8.78533,1.50,1.88
2013.10.10 15:14:30.451,8.78293,8.78533,1.20,1.13
2013.10.10 15:14:30.511,8.7829,8.78534,1.58,1.13
2013.10.10 15:14:30.571,8.7829,8.78534,1.50,1.13
2013.10.10 15:14:30.692,8.78277,8.78499,2.48,1.13
2013.10.10 15:14:31.681,8.78265,8.78507,1.65,1.13
2013.10.10 15:14:31.991,8.78257,8.78473,2.25,1.13
2013.10.10 15:14:32.233,8.78311,8.78501,1.13,1.50
2013.10.10 15:14:32.543,8.78301,8.78502,1.80,1.13
2013.10.10 15:14:32.721,8.78263,8.78511,1.50,1.13
2013.10.10 15:14:32.851,8.78253,8.78451,2.40,1.13
2013.10.10 15:14:32.912,8.78253,8.78451,2.40,1.13
2013.10.10 15:14:33.123,8.78247,8.78451,2.40,1.13
2013.10.10 15:14:33.601,8.78249,8.78451,2.40,1.13
2013.10.10 15:14:33.911,8.78249,8.78457,2.40,1.13
2013.10.10 15:14:34.031,8.78243,8.78457,2.33,1.13
2013.10.10 15:14:35.071,8.78243,8.78452,2.33,1.13
2013.10.10 15:14:35.324,8.78288,8.7848,1.20,1.95
2013.10.10 15:14:35.391,8.78288,8.78492,1.20,1.13
2013.10.10 15:14:35.831,8.78288,8.78492,1.28,1.13
2013.10.10 15:14:35.891,8.78288,8.78492,1.28,1.13
2013.10.10 15:14:36.195,8.78297,8.78493,1.65,1.13
2013.10.10 15:14:36.501,8.78248,8.78477,1.65,1.13
2013.10.10 15:14:36.755,8.78227,8.78436,1.50,1.13
2013.10.10 15:14:36.821,8.78195,8.78436,1.58,1.13
2013.10.10 15:14:37.890,8.78193,8.78435,2.40,1.13
2013.10.10 15:14:38.270,8.78191,8.78435,1.88,1.13
2013.10.10 15:14:39.890,8.78198,8.78435,1.19,1.13
2013.10.10 15:14:40.191,8.78354,8.78449,2.10,1.13
2013.10.10 15:14:40.312,8.78354,8.78459,2.10,1.88
2013.10.10 15:14:40.432,8.78298,8.78503,2.18,1.50
2013.10.10 15:14:40.551,8.78298,8.78503,1.35,1.50
2013.10.10 15:14:41.090,8.78278,8.78503,2.55,1.50
2013.10.10 15:14:42.321,8.78277,8.78483,3.00,1.13
2013.10.10 15:14:42.824,8.78277,8.78473,1.65,1.13
2013.10.10 15:14:43.878,8.78277,8.78473,1.65,1.13
2013.10.10 15:14:44.392,8.78277,8.78473,1.65,1.13
2013.10.10 15:14:46.142,8.78277,8.78473,1.65,1.13
2013.10.10 15:14:47.336,8.78277,8.78473,1.65,1.13
2013.10.10 15:14:48.064,8.78277,8.78473,1.65,1.13
2013.10.10 15:14:48.793,8.78277,8.78473,1.65,1.13
2013.10.10 15:14:49.491,8.78277,8.78473,1.65,1.13
2013.10.10 15:14:50.038,8.78277,8.78436,1.65,1.50
2013.10.10 15:14:50.341,8.78151,8.78343,1.50,1.13
2013.10.10 15:14:50.401,8.78119,8.78343,1.35,1.13
2013.10.10 15:14:51.576,8.78119,8.78343,1.35,1.13
2013.10.10 15:14:52.623,8.78119,8.78343,1.35,1.13
2013.10.10 15:14:54.552,8.78119,8.78343,1.35,1.13
2013.10.10 15:15:01.611,8.78118,8.78343,1.35,1.13
2013.10.10 15:15:03.153,8.78119,8.78343,1.35,1.13
2013.10.10 15:15:04.321,8.78117,8.78343,1.35,1.13
2013.10.10 15:15:04.381,8.78117,8.78343,1.35,1.13
2013.10.10 15:15:05.682,8.78119,8.78343,1.35,1.13
2013.10.10 15:15:07.422,8.78107,8.78344,1.35,1.13
2013.10.10 15:15:18.336,8.7807,8.78345,1.13,1.73
2013.10.10 15:15:18.401,8.7807,8.78341,1.13,1.35
2013.10.10 15:15:18.521,8.7806,8.78321,1.88,1.50
2013.10.10 15:15:18.581,8.78044,8.7831,1.35,1.13
2013.10.10 15:15:19.400,8.78034,8.78308,1.35,1.13
2013.10.10 15:15:26.426,8.78018,8.78298,2.25,1.13
2013.10.10 15:15:26.491,8.78018,8.78298,2.25,1.13
2013.10.10 15:15:38.302,8.78018,8.783,3.00,1.13
2013.10.10 15:15:38.734,8.78018,8.783,3.00,1.13
2013.10.10 15:15:39.837,8.78018,8.783,2.25,1.13
2013.10.10 15:15:43.027,8.7802,8.78304,1.50,1.13
2013.10.10 15:15:43.341,8.7802,8.78302,1.50,1.13
2013.10.10 15:15:47.612,8.78018,8.78304,3.00,1.13
2013.10.10 15:15:49.291,8.7802,8.78305,1.50,1.13
2013.10.10 15:15:49.792,8.78077,8.78305,2.10,1.13
2013.10.10 15:15:59.081,8.78077,8.78301,2.48,1.13
2013.10.10 15:16:04.535,8.78188,8.78301,2.10,1.13
2013.10.10 15:16:04.792,8.78188,8.78335,2.48,1.13
2013.10.10 15:16:10.361,8.78126,8.78325,1.20,1.13
2013.10.10 15:16:10.481,8.781,8.78282,1.13,1.13
2013.10.10 15:16:10.601,8.78087,8.78273,1.13,1.13
2013.10.10 15:16:10.661,8.78039,8.78242,2.48,1.13
2013.10.10 15:16:10.722,8.78039,8.78242,2.48,1.13
2013.10.10 15:16:11.080,8.78039,8.78248,2.48,1.13
2013.10.10 15:16:11.388,8.78068,8.78274,2.48,1.13
2013.10.10 15:16:13.671,8.78068,8.78282,2.48,1.88
2013.10.10 15:16:15.782,8.78138,8.78313,2.48,1.13
2013.10.10 15:16:16.021,8.78138,8.7833,2.48,1.13
2013.10.10 15:16:17.421,8.78209,8.78367,2.10,1.88
2013.10.10 15:16:17.542,8.78209,8.78371,2.10,1.50
2013.10.10 15:16:17.602,8.78209,8.7838,2.10,1.50
2013.10.10 15:16:17.783,8.78209,8.78386,2.10,2.33
2013.10.10 15:16:23.361,8.78209,8.78388,2.10,1.50
2013.10.10 15:16:24.351,8.78207,8.78388,1.13,1.50
2013.10.10 15:16:24.816,8.78171,8.78396,1.73,1.13
2013.10.10 15:16:29.273,8.78141,8.78399,1.13,1.13
2013.10.10 15:16:30.602,8.78107,8.78375,1.88,1.13
2013.10.10 15:16:36.191,8.78102,8.7837,1.13,1.13
2013.10.10 15:16:36.501,8.78105,8.78371,1.13,1.13
2013.10.10 15:16:37.971,8.78108,8.7837,1.13,1.13
2013.10.10 15:16:38.032,8.78106,8.78368,1.13,1.13
2013.10.10 15:16:42.073,8.78108,8.78365,1.13,1.13
2013.10.10 15:16:43.141,8.78115,8.78365,1.50,1.13
2013.10.10 15:16:43.442,8.78115,8.78371,1.58,1.13
2013.10.10 15:16:43.802,8.78187,8.78382,3.45,1.50
2013.10.10 15:16:43.862,8.78187,8.78424,3.45,1.58
2013.10.10 15:16:43.921,8.78188,8.78424,2.25,1.58
2013.10.10 15:16:44.103,8.78198,8.78429,1.50,2.25
2013.10.10 15:16:44.223,8.78198,8.78427,1.50,2.85
2013.10.10 15:16:44.282,8.78198,8.78427,1.50,2.85
2013.10.10 15:16:44.891,8.78211,8.78427,1.50,2.85
2013.10.10 15:16:45.011,8.782,8.78427,1.13,2.85
2013.10.10 15:16:45.392,8.78221,8.78432,1.50,1.95
2013.10.10 15:16:46.166,8.7823,8.78432,1.50,1.95
2013.10.10 15:16:46.411,8.78237,8.78437,1.13,1.65
2013.10.10 15:16:46.471,8.78252,8.78437,1.50,1.65
2013.10.10 15:16:46.531,8.78252,8.78443,1.50,2.18
2013.10.10 15:16:46.832,8.78245,8.78449,1.50,2.93
2013.10.10 15:16:47.272,8.78246,8.78446,1.50,1.58
2013.10.10 15:16:47.573,8.78251,8.78446,1.50,1.58
2013.10.10 15:16:47.632,8.78246,8.78446,1.50,1.58
2013.10.10 15:16:48.075,8.78242,8.78446,1.50,1.58
2013.10.10 15:16:48.282,8.78242,8.78453,1.50,1.50
2013.10.10 15:16:48.724,8.78242,8.78453,1.50,1.50
2013.10.10 15:16:49.041,8.78244,8.78462,1.50,1.88
2013.10.10 15:16:49.102,8.78242,8.78412,1.50,2.10
2013.10.10 15:16:49.462,8.7816,8.78383,1.13,2.25
2013.10.10 15:16:49.522,8.7817,8.784,1.13,1.50
2013.10.10 15:16:49.642,8.78178,8.78437,1.50,2.25
2013.10.10 15:16:49.702,8.7817,8.78437,1.13,2.25
2013.10.10 15:16:49.762,8.78189,8.78437,1.50,2.25
2013.10.10 15:16:49.821,8.78189,8.78439,1.50,1.80
2013.10.10 15:16:49.882,8.78182,8.78439,1.50,1.80
2013.10.10 15:16:49.942,8.78175,8.78439,1.50,1.80
2013.10.10 15:16:50.762,8.78198,8.78439,2.46,1.80
2013.10.10 15:16:50.884,8.782,8.78439,1.88,1.80
2013.10.10 15:16:50.951,8.78223,8.78445,1.50,2.55
2013.10.10 15:16:51.011,8.78223,8.78451,1.50,2.25
2013.10.10 15:16:51.071,8.78239,8.78451,1.50,2.25
2013.10.10 15:16:51.372,8.78239,8.78457,1.50,2.03
2013.10.10 15:16:51.861,8.78247,8.78457,1.50,2.03
2013.10.10 15:16:51.921,8.78247,8.78464,1.50,2.70
2013.10.10 15:16:52.107,8.78226,8.78464,1.50,2.70
2013.10.10 15:16:52.174,8.78226,8.78464,1.50,2.70
2013.10.10 15:16:52.241,8.78238,8.78464,1.50,2.70
2013.10.10 15:16:52.571,8.78239,8.78469,1.50,2.40
2013.10.10 15:16:52.912,8.78246,8.78469,1.13,2.40
2013.10.10 15:16:53.293,8.78251,8.78465,1.50,2.93
2013.10.10 15:16:53.603,8.78265,8.78472,1.50,2.33
2013.10.10 15:16:53.661,8.7826,8.7848,1.13,1.65
2013.10.10 15:16:53.842,8.78263,8.7848,1.50,1.65
2013.10.10 15:16:54.021,8.78274,8.78488,1.50,1.88
2013.10.10 15:16:54.081,8.78274,8.78488,1.50,1.88
2013.10.10 15:16:54.482,8.78274,8.78493,1.50,2.40
2013.10.10 15:16:54.661,8.78274,8.78432,1.50,1.88
2013.10.10 15:16:54.781,8.78236,8.78428,2.25,1.13
2013.10.10 15:16:54.841,8.78164,8.78428,1.50,1.50
2013.10.10 15:16:55.261,8.7816,8.78402,1.39,1.50
2013.10.10 15:16:56.906,8.7816,8.78414,1.39,2.63
2013.10.10 15:16:57.092,8.78169,8.78437,1.13,1.50
2013.10.10 15:16:57.213,8.78186,8.78439,2.25,1.50
2013.10.10 15:16:57.332,8.78182,8.7845,1.50,1.65
2013.10.10 15:16:57.453,8.78182,8.78443,1.50,1.13
2013.10.10 15:16:57.513,8.78176,8.78443,1.50,1.13
2013.10.10 15:16:58.049,8.78182,8.78443,1.50,1.13
2013.10.10 15:16:58.291,8.78174,8.78444,1.50,1.13
2013.10.10 15:16:58.591,8.78174,8.78448,1.50,1.13
2013.10.10 15:16:58.895,8.78184,8.78448,1.50,1.13
2013.10.10 15:16:59.203,8.78182,8.78446,1.50,1.13
2013.10.10 15:16:59.411,8.78182,8.78443,1.50,1.13
2013.10.10 15:16:59.472,8.78176,8.78443,1.50,1.13
2013.10.10 15:16:59.531,8.78176,8.78443,1.50,1.13
2013.10.10 15:17:00.942,8.78169,8.78432,1.13,1.13
2013.10.10 15:17:01.432,8.78172,8.78432,1.50,1.13
2013.10.10 15:17:01.672,8.78159,8.78378,1.39,1.13
2013.10.10 15:17:15.072,8.78159,8.78383,1.13,1.88
2013.10.10 15:17:15.375,8.78176,8.78408,1.13,1.13
2013.10.10 15:17:32.161,8.78176,8.784,1.13,2.48
2013.10.10 15:17:32.281,8.78219,8.784,1.50,2.48
2013.10.10 15:17:32.402,8.78239,8.78461,1.50,1.50
2013.10.10 15:17:32.781,8.78232,8.78462,1.50,1.50
2013.10.10 15:17:32.901,8.7823,8.78462,1.50,1.50
2013.10.10 15:17:33.150,8.7823,8.78476,1.50,1.13
2013.10.10 15:17:33.394,8.78226,8.78476,1.50,1.13
2013.10.10 15:17:33.462,8.78226,8.78473,1.50,1.13
2013.10.10 15:17:33.702,8.78229,8.78489,1.50,1.88
2013.10.10 15:17:33.821,8.7827,8.78489,1.50,1.88
2013.10.10 15:17:34.181,8.78282,8.78493,1.50,1.50
2013.10.10 15:17:34.301,8.78282,8.78496,1.50,1.50
2013.10.10 15:17:34.661,8.78282,8.78486,1.50,1.50
2013.10.10 15:17:34.781,8.78244,8.78483,2.25,1.88
2013.10.10 15:17:35.080,8.78208,8.78453,1.13,1.13
2013.10.10 15:17:36.331,8.78208,8.78445,1.13,1.13
2013.10.10 15:17:42.531,8.78208,8.78444,1.13,1.13
2013.10.10 15:17:44.706,8.78208,8.78447,1.13,1.13
2013.10.10 15:17:44.834,8.78208,8.78447,1.13,1.13
2013.10.10 15:17:47.150,8.78208,8.78447,1.13,1.13
2013.10.10 15:17:47.412,8.78208,8.78447,1.13,1.13
2013.10.10 15:17:48.441,8.78207,8.78448,1.13,1.13
2013.10.10 15:17:51.076,8.78208,8.78447,1.13,1.13
2013.10.10 15:17:55.353,8.78208,8.78447,1.13,1.13
2013.10.10 15:18:07.841,8.78207,8.78444,1.13,1.05
2013.10.10 15:18:09.575,8.78207,8.78371,1.13,1.50
2013.10.10 15:18:09.881,8.78155,8.78348,1.73,1.13
2013.10.10 15:18:09.942,8.78155,8.78368,1.73,1.50
2013.10.10 15:18:10.410,8.78191,8.78441,1.13,1.13
2013.10.10 15:18:11.291,8.78198,8.78443,1.13,1.13
2013.10.10 15:18:11.351,8.78198,8.78443,1.13,1.13
2013.10.10 15:18:11.902,8.78207,8.78448,1.13,1.13
2013.10.10 15:18:12.243,8.78306,8.78452,2.48,1.13
2013.10.10 15:18:12.367,8.78306,8.78453,2.48,1.13
2013.10.10 15:18:15.241,8.78276,8.7848,1.13,1.13
2013.10.10 15:18:18.662,8.7826,8.78453,2.48,1.13
2013.10.10 15:18:18.723,8.78241,8.78432,1.20,1.13
2013.10.10 15:18:20.102,8.78197,8.78318,1.13,1.13
2013.10.10 15:18:20.162,8.7819,8.78318,1.13,1.13
2013.10.10 15:18:20.281,8.78122,8.78307,1.50,1.13
2013.10.10 15:18:20.401,8.78116,8.78307,1.50,1.13
2013.10.10 15:18:20.461,8.78097,8.78307,1.88,1.13
2013.10.10 15:18:20.521,8.78097,8.78307,1.13,1.13
2013.10.10 15:18:21.971,8.78104,8.78336,1.13,1.13
2013.10.10 15:18:22.032,8.78108,8.78336,1.13,1.13
2013.10.10 15:18:22.369,8.78114,8.78336,1.50,1.13
2013.10.10 15:18:22.758,8.78115,8.78336,1.50,1.13
2013.10.10 15:18:23.252,8.78115,8.7834,1.50,1.13
2013.10.10 15:18:25.673,8.78107,8.78339,1.88,1.13
2013.10.10 15:18:26.052,8.78115,8.78338,1.50,1.13
2013.10.10 15:18:28.342,8.78115,8.7829,1.50,1.50
2013.10.10 15:18:28.702,8.7808,8.78292,1.13,1.88
2013.10.10 15:18:28.762,8.7808,8.78312,1.50,1.13
2013.10.10 15:18:28.882,8.78098,8.78312,1.13,1.13
2013.10.10 15:18:29.276,8.78107,8.78312,1.13,1.13
2013.10.10 15:18:29.902,8.78108,8.78332,1.13,1.13
2013.10.10 15:18:30.164,8.78108,8.78336,1.13,1.13
2013.10.10 15:18:30.504,8.78108,8.78332,1.13,1.13
2013.10.10 15:18:40.793,8.78108,8.78329,1.13,1.13
2013.10.10 15:18:42.331,8.78107,8.78334,1.13,1.13
2013.10.10 15:18:44.742,8.78107,8.7833,1.13,1.13
2013.10.10 15:18:58.263,8.78114,8.78365,1.50,1.88
2013.10.10 15:18:59.271,8.78119,8.78351,1.50,1.13
2013.10.10 15:18:59.840,8.78119,8.78351,1.50,1.13
2013.10.10 15:19:02.199,8.78122,8.78351,1.50,1.13
2013.10.10 15:19:02.752,8.7812,8.78351,1.50,1.13
2013.10.10 15:19:02.992,8.78115,8.78341,1.50,1.13
2013.10.10 15:19:03.113,8.78105,8.78341,1.50,1.13
2013.10.10 15:19:03.232,8.78108,8.78341,1.13,1.13
2013.10.10 15:19:03.371,8.78108,8.78341,1.13,1.13
2013.10.10 15:19:06.495,8.78108,8.78338,1.13,1.13
2013.10.10 15:19:08.501,8.78107,8.78334,1.13,1.13
2013.10.10 15:19:13.564,8.78107,8.78334,1.13,1.13
2013.10.10 15:19:13.891,8.7812,8.78334,1.50,1.13
2013.10.10 15:19:14.132,8.78108,8.78322,1.13,1.13
2013.10.10 15:19:17.942,8.78104,8.78322,1.13,1.13
2013.10.10 15:19:18.062,8.78108,8.78322,1.13,1.13
2013.10.10 15:19:18.612,8.78181,8.78355,1.50,1.13
2013.10.10 15:19:18.792,8.78244,8.78373,1.05,1.50
2013.10.10 15:19:19.279,8.78244,8.7839,1.05,1.13
2013.10.10 15:19:20.043,8.78244,8.78379,1.05,1.50
2013.10.10 15:19:20.401,8.7814,8.78367,1.13,1.13
2013.10.10 15:19:20.461,8.7814,8.78367,1.13,1.13
2013.10.10 15:19:21.424,8.7813,8.78327,1.50,1.13
2013.10.10 15:19:21.662,8.78109,8.78327,1.50,1.13
2013.10.10 15:19:21.722,8.78108,8.78327,1.13,1.13
2013.10.10 15:19:24.692,8.78111,8.78322,1.50,1.13
2013.10.10 15:19:25.052,8.78118,8.78322,1.13,1.13
2013.10.10 15:19:26.161,8.78231,8.78371,2.48,2.10
2013.10.10 15:19:26.401,8.78248,8.7841,1.05,1.13
2013.10.10 15:19:27.902,8.78231,8.78364,2.18,1.13
2013.10.10 15:19:28.024,8.78196,8.78302,1.50,1.13
2013.10.10 15:19:28.083,8.78168,8.78302,1.50,1.13
2013.10.10 15:19:28.142,8.78084,8.78302,1.13,1.13
2013.10.10 15:19:28.261,8.78075,8.78302,1.13,1.13
2013.10.10 15:19:29.334,8.78106,8.78322,1.13,1.13
2013.10.10 15:19:29.571,8.78106,8.78322,1.13,1.13
2013.10.10 15:19:31.431,8.78106,8.78317,1.13,1.13
2013.10.10 15:19:37.503,8.78107,8.7832,1.13,1.13
2013.10.10 15:19:50.302,8.7809,8.78315,1.13,1.13
2013.10.10 15:19:53.644,8.78156,8.78353,1.50,1.88
2013.10.10 15:19:53.951,8.78191,8.78338,2.48,1.50
2013.10.10 15:19:54.071,8.78155,8.78325,1.50,1.13
2013.10.10 15:19:54.252,8.78167,8.78325,1.13,1.13
2013.10.10 15:19:54.312,8.78122,8.78325,1.13,1.13
2013.10.10 15:19:54.372,8.78108,8.78325,1.13,1.13
2013.10.10 15:19:58.712,8.78178,8.78373,2.10,1.13
2013.10.10 15:19:58.772,8.78178,8.78373,2.48,1.13
2013.10.10 15:19:58.891,8.78178,8.78399,2.48,1.13
2013.10.10 15:20:11.872,8.78174,8.78411,1.13,1.73
2013.10.10 15:20:12.234,8.78183,8.7841,2.48,1.13
2013.10.10 15:20:15.953,8.78183,8.7841,2.48,1.13
2013.10.10 15:20:19.162,8.78183,8.78386,2.48,1.13
2013.10.10 15:20:21.602,8.78183,8.78258,2.48,1.50
2013.10.10 15:20:21.721,8.7813,8.78245,1.13,1.13
2013.10.10 15:20:21.782,8.78112,8.78245,1.50,1.13
2013.10.10 15:20:21.841,8.78085,8.78245,1.50,1.13
2013.10.10 15:20:21.902,8.78067,8.78245,1.13,1.13
2013.10.10 15:20:22.678,8.78022,8.78245,1.73,1.13
2013.10.10 15:20:22.981,8.78022,8.78236,1.73,1.13
2013.10.10 15:20:23.793,8.78029,8.78265,2.48,1.13
2013.10.10 15:20:24.151,8.78064,8.78273,1.13,1.13
2013.10.10 15:20:25.072,8.7807,8.78278,1.13,1.13
2013.10.10 15:20:32.471,8.78079,8.78282,1.13,1.13
2013.10.10 15:21:07.113,8.7803,8.78237,1.13,1.13
2013.10.10 15:21:12.171,8.78029,8.78273,1.73,1.13
2013.10.10 15:21:12.471,8.78065,8.78278,1.13,1.13
2013.10.10 15:21:13.503,8.78058,8.78287,1.13,1.13
2013.10.10 15:21:47.442,8.7808,8.78272,1.13,1.13
2013.10.10 15:21:47.623,8.78098,8.78302,2.48,1.13
2013.10.10 15:21:51.142,8.78098,8.78288,1.13,1.13
2013.10.10 15:21:52.545,8.78172,8.78318,2.10,1.13
2013.10.10 15:21:52.612,8.78172,8.78323,2.10,1.13
2013.10.10 15:21:52.796,8.78172,8.78332,2.48,1.50
2013.10.10 15:21:52.862,8.78172,8.78333,2.48,1.13
2013.10.10 15:21:53.401,8.78172,8.78352,2.48,1.13
2013.10.10 15:21:53.681,8.78172,8.78363,2.48,1.43
2013.10.10 15:21:54.612,8.78178,8.78343,1.73,1.13
2013.10.10 15:21:54.792,8.78137,8.78313,1.13,1.13
2013.10.10 15:21:55.693,8.78102,8.78272,2.63,1.13
2013.10.10 15:21:56.004,8.78101,8.78276,1.13,1.13
2013.10.10 15:21:57.021,8.78101,8.78287,1.13,1.13
2013.10.10 15:22:04.512,8.78108,8.7832,1.13,1.13
2013.10.10 15:22:04.813,8.78114,8.78325,1.13,1.13
2013.10.10 15:22:40.973,8.78116,8.78308,1.13,1.13
2013.10.10 15:23:34.672,8.78124,8.78322,2.48,1.13
2013.10.10 15:23:34.732,8.78124,8.78322,2.48,1.13
2013.10.10 15:23:38.904,8.7815,8.78352,2.48,1.88
2013.10.10 15:23:40.323,8.78117,8.78323,1.13,1.13
2013.10.10 15:23:40.563,8.78118,8.78323,1.13,1.13
2013.10.10 15:23:43.294,8.78117,8.78323,1.13,1.13
2013.10.10 15:23:46.162,8.78114,8.78333,1.13,1.13
2013.10.10 15:23:46.471,8.7813,8.78333,1.13,1.13
2013.10.10 15:23:50.132,8.7815,8.78372,2.10,2.18
2013.10.10 15:23:50.442,8.78159,8.78372,1.73,1.16
2013.10.10 15:23:57.282,8.78169,8.78382,1.13,1.88
2013.10.10 15:24:02.564,8.78192,8.78388,1.73,1.13
2013.10.10 15:24:02.682,8.78223,8.7842,1.13,2.70
2013.10.10 15:24:02.862,8.78248,8.7842,1.13,2.70
2013.10.10 15:24:03.042,8.78248,8.78425,1.13,2.93
2013.10.10 15:24:04.065,8.7826,8.78425,1.50,2.93
2013.10.10 15:24:04.132,8.7826,8.78431,1.50,2.85
2013.10.10 15:24:04.261,8.78268,8.78431,1.50,2.85
2013.10.10 15:24:05.734,8.78277,8.78431,1.50,1.65
2013.10.10 15:24:07.293,8.78269,8.78431,1.50,1.65
2013.10.10 15:24:07.352,8.78269,8.78435,1.50,1.95
2013.10.10 15:24:13.112,8.78276,8.78435,1.50,1.95
2013.10.10 15:24:13.352,8.78269,8.78435,1.50,1.95
2013.10.10 15:24:14.006,8.78269,8.78436,1.50,1.80
2013.10.10 15:24:15.724,8.78269,8.78461,1.50,2.03
2013.10.10 15:24:16.403,8.78269,8.78399,1.50,1.50
2013.10.10 15:24:16.643,8.78196,8.78387,1.50,1.13
2013.10.10 15:24:16.772,8.78185,8.78387,1.20,1.13
2013.10.10 15:24:20.353,8.78172,8.78387,1.58,1.13
2013.10.10 15:24:20.472,8.78172,8.78387,1.50,1.13
2013.10.10 15:24:26.233,8.78175,8.78418,1.13,1.13
2013.10.10 15:24:26.536,8.78214,8.78418,1.13,1.13
2013.10.10 15:24:28.402,8.78227,8.78443,1.13,1.13
2013.10.10 15:24:39.097,8.78227,8.78422,1.13,1.13
2013.10.10 15:24:40.654,8.78262,8.78446,2.10,1.13
2013.10.10 15:24:40.773,8.78262,8.78446,2.48,1.13
2013.10.10 15:24:42.054,8.78239,8.78423,1.13,1.13
2013.10.10 15:24:55.623,8.78258,8.78451,1.13,2.63
2013.10.10 15:24:55.742,8.78258,8.78457,1.13,2.85
2013.10.10 15:24:55.862,8.7831,8.78457,1.50,2.85
2013.10.10 15:24:56.042,8.78303,8.78457,1.50,2.85
2013.10.10 15:24:56.163,8.78303,8.78462,1.50,1.95
2013.10.10 15:24:57.252,8.78322,8.78488,2.25,2.40
2013.10.10 15:24:57.612,8.7838,8.78488,1.50,2.40
2013.10.10 15:24:57.852,8.78398,8.78599,1.13,2.63
2013.10.10 15:24:57.912,8.78405,8.78598,2.25,1.73
2013.10.10 15:24:58.152,8.78414,8.78629,1.50,2.10
2013.10.10 15:24:58.273,8.78422,8.78629,1.50,2.10
2013.10.10 15:24:58.491,8.78415,8.78629,3.00,2.10
2013.10.10 15:24:59.162,8.78417,8.78632,1.50,2.33
2013.10.10 15:24:59.912,8.7843,8.78588,1.50,1.13
2013.10.10 15:24:59.972,8.78415,8.78588,1.50,1.13
2013.10.10 15:25:00.031,8.78408,8.78588,1.13,1.13
2013.10.10 15:25:00.091,8.78394,8.78588,1.13,1.13
2013.10.10 15:25:05.172,8.7836,8.78445,1.13,1.50
2013.10.10 15:25:05.532,8.78309,8.78359,1.50,1.13
2013.10.10 15:25:05.713,8.78145,8.78358,1.05,1.13
2013.10.10 15:25:06.412,8.78145,8.78358,1.05,1.05
2013.10.10 15:25:07.512,8.78145,8.78358,1.05,1.13
2013.10.10 15:25:08.374,8.78189,8.78373,1.50,1.13
2013.10.10 15:25:08.433,8.78202,8.78392,1.13,1.50
2013.10.10 15:25:08.502,8.78202,8.78413,1.13,1.88
2013.10.10 15:25:08.625,8.78232,8.78437,1.13,1.13
2013.10.10 15:25:10.402,8.78233,8.7846,1.13,1.58
2013.10.10 15:25:10.462,8.78233,8.78467,2.10,1.50
2013.10.10 15:25:10.582,8.7828,8.78467,1.50,1.50
2013.10.10 15:25:10.974,8.78305,8.78474,1.50,1.50
2013.10.10 15:25:11.923,8.78305,8.78476,1.50,2.85
2013.10.10 15:25:12.042,8.78307,8.78479,2.25,2.48
2013.10.10 15:25:12.283,8.78318,8.78483,1.50,2.93
2013.10.10 15:25:12.402,8.78318,8.78483,1.50,2.93
2013.10.10 15:25:12.812,8.7841,8.78483,1.50,2.93
2013.10.10 15:25:13.112,8.78447,8.78647,1.13,2.78
2013.10.10 15:25:13.232,8.78448,8.78642,1.13,1.13
2013.10.10 15:25:13.352,8.78436,8.78642,1.13,1.13
2013.10.10 15:25:13.481,8.78436,8.78642,1.13,1.13
2013.10.10 15:25:14.152,8.78449,8.78673,1.13,1.13
2013.10.10 15:25:15.332,8.78457,8.78688,1.13,1.73
2013.10.10 15:25:15.392,8.78489,8.78688,2.25,1.73
2013.10.10 15:25:15.575,8.78499,8.78694,1.50,1.73
2013.10.10 15:25:15.633,8.78499,8.78694,1.50,1.73
2013.10.10 15:25:15.902,8.78491,8.78702,1.50,2.70
2013.10.10 15:25:16.022,8.78491,8.78702,1.50,2.70
2013.10.10 15:25:16.492,8.78479,8.78702,1.50,2.70
2013.10.10 15:25:16.552,8.78484,8.78706,1.50,1.88
2013.10.10 15:25:16.612,8.78517,8.78706,2.25,1.88
2013.10.10 15:25:16.973,8.78527,8.78711,1.50,2.48
2013.10.10 15:25:17.032,8.78527,8.78711,1.50,2.48
2013.10.10 15:25:17.342,8.78516,8.78711,1.50,2.48
2013.10.10 15:25:17.962,8.78493,8.78723,1.50,1.80
2013.10.10 15:25:18.202,8.7853,8.78723,1.50,1.80
2013.10.10 15:25:18.322,8.78519,8.7872,1.50,1.73
2013.10.10 15:25:18.502,8.78519,8.78724,1.50,1.65
2013.10.10 15:25:19.302,8.78525,8.78724,1.50,1.65
2013.10.10 15:25:19.662,8.78509,8.78579,1.50,1.50
2013.10.10 15:25:19.722,8.78437,8.78567,1.50,1.13
2013.10.10 15:25:19.782,8.78417,8.78567,1.50,1.13
2013.10.10 15:25:19.842,8.78383,8.78464,1.13,1.50
2013.10.10 15:25:19.962,8.78353,8.78453,1.50,1.13
2013.10.10 15:25:20.022,8.78311,8.78453,2.25,1.13
2013.10.10 15:25:20.082,8.78293,8.78453,2.78,1.13
2013.10.10 15:25:20.262,8.78248,8.78452,1.50,1.13
2013.10.10 15:25:20.442,8.78235,8.78452,1.50,1.13
2013.10.10 15:25:20.839,8.78235,8.78452,1.50,1.13
2013.10.10 15:25:21.352,8.7823,8.78443,1.50,1.13
2013.10.10 15:25:22.272,8.78232,8.78443,1.50,1.13
2013.10.10 15:25:25.037,8.78339,8.78477,2.10,1.13
2013.10.10 15:25:25.162,8.78339,8.78513,2.48,1.13
2013.10.10 15:25:28.332,8.78335,8.78553,1.13,1.13
2013.10.10 15:25:28.522,8.78296,8.78553,1.13,1.13
2013.10.10 15:25:29.422,8.78287,8.78522,1.50,1.13
2013.10.10 15:25:29.662,8.78268,8.78522,1.13,1.13
2013.10.10 15:25:30.244,8.78268,8.78522,1.13,1.13
2013.10.10 15:25:30.485,8.78259,8.78486,1.50,1.13
2013.10.10 15:25:30.613,8.78259,8.78486,1.50,1.13
2013.10.10 15:25:30.732,8.78259,8.78486,1.50,1.13
2013.10.10 15:25:30.793,8.78256,8.78486,1.50,1.13
2013.10.10 15:25:30.913,8.78246,8.78486,2.18,1.13
2013.10.10 15:25:31.722,8.78246,8.78466,2.18,1.13
2013.10.10 15:25:31.782,8.78211,8.78466,1.50,1.13
2013.10.10 15:25:31.902,8.7821,8.78466,1.50,1.13
2013.10.10 15:25:32.840,8.78256,8.7849,1.73,1.13
2013.10.10 15:25:43.072,8.78348,8.78517,2.10,1.13
2013.10.10 15:25:43.193,8.78348,8.78532,2.48,1.13
2013.10.10 15:25:49.902,8.78337,8.7845,1.13,1.35
2013.10.10 15:25:50.083,8.78268,8.78438,2.25,1.13
2013.10.10 15:25:50.142,8.78232,8.78438,1.13,1.50
2013.10.10 15:25:50.322,8.78167,8.78385,1.27,1.13
2013.10.10 15:25:50.382,8.78166,8.78385,1.27,1.13
2013.10.10 15:25:50.442,8.7814,8.78385,1.13,1.13
2013.10.10 15:25:51.493,8.78131,8.78353,1.13,1.13
2013.10.10 15:25:52.496,8.78107,8.78374,1.13,2.25
2013.10.10 15:25:52.562,8.78122,8.78374,1.50,2.25
2013.10.10 15:25:52.923,8.78166,8.78378,1.50,1.88
2013.10.10 15:25:53.812,8.78173,8.78378,1.50,1.88
2013.10.10 15:25:54.379,8.78167,8.7838,1.50,1.50
2013.10.10 15:25:54.654,8.78167,8.78383,1.50,2.33
2013.10.10 15:25:55.024,8.78167,8.78381,1.50,2.93
2013.10.10 15:25:55.203,8.78167,8.78385,1.50,1.88
2013.10.10 15:25:55.442,8.78167,8.78388,1.50,1.50
2013.10.10 15:25:55.802,8.78157,8.78392,1.50,2.33
2013.10.10 15:25:56.908,8.78157,8.78394,1.50,2.55
2013.10.10 15:25:57.192,8.78157,8.78396,1.50,1.80
2013.10.10 15:25:57.373,8.78157,8.78396,1.50,1.80
2013.10.10 15:25:57.552,8.78147,8.78393,1.50,2.85
2013.10.10 15:25:57.854,8.78147,8.78388,1.50,2.25
2013.10.10 15:25:58.382,8.78147,8.78382,1.50,1.13
2013.10.10 15:25:58.442,8.78139,8.78382,1.50,1.13
2013.10.10 15:25:58.974,8.7813,8.78386,1.50,1.13
2013.10.10 15:25:59.103,8.78146,8.78386,1.50,1.13
2013.10.10 15:25:59.232,8.78146,8.78396,1.50,1.73
2013.10.10 15:25:59.292,8.78146,8.78398,1.50,2.78
2013.10.10 15:25:59.413,8.78203,8.78392,2.48,1.13
2013.10.10 15:25:59.533,8.78214,8.78454,1.73,1.13
2013.10.10 15:26:01.422,8.78224,8.78482,1.73,1.88
2013.10.10 15:26:05.926,8.78387,8.78504,1.67,1.13
2013.10.10 15:26:05.992,8.78423,8.78514,2.48,1.73
2013.10.10 15:26:06.052,8.78423,8.78602,2.48,1.13
2013.10.10 15:26:08.162,8.78423,8.78582,2.48,1.13
2013.10.10 15:26:08.343,8.78358,8.78552,1.13,1.13
2013.10.10 15:26:08.403,8.783,8.78552,1.13,1.50
2013.10.10 15:26:08.466,8.78286,8.78483,2.70,1.88
2013.10.10 15:26:08.533,8.78275,8.78483,1.50,1.88
2013.10.10 15:26:08.593,8.78265,8.78481,3.30,1.13
2013.10.10 15:26:08.773,8.78241,8.78481,1.13,1.13
2013.10.10 15:26:09.643,8.78229,8.78468,2.78,1.13
2013.10.10 15:26:09.881,8.78224,8.78468,2.78,1.13
2013.10.10 15:26:10.062,8.78219,8.78468,1.65,1.13
2013.10.10 15:26:12.612,8.78413,8.7847,2.10,1.13
2013.10.10 15:26:12.733,8.7842,8.78483,2.48,1.50
2013.10.10 15:26:12.792,8.7842,8.78582,2.48,1.13
2013.10.10 15:26:12.852,8.7842,8.78603,2.48,3.38
2013.10.10 15:26:17.341,8.78397,8.786,13.58,2.48
2013.10.10 15:26:17.586,8.78358,8.78553,1.13,1.13
2013.10.10 15:26:17.653,8.78337,8.78553,1.13,1.13
2013.10.10 15:26:23.412,8.78358,8.78553,1.13,1.13
2013.10.10 15:26:23.533,8.78378,8.78562,1.13,1.13
2013.10.10 15:26:23.914,8.78357,8.78583,1.13,1.13
2013.10.10 15:26:24.107,8.78357,8.78547,1.13,1.13
2013.10.10 15:26:26.163,8.78328,8.78547,1.73,1.13
2013.10.10 15:26:26.523,8.78337,8.78584,1.73,1.13
2013.10.10 15:26:27.372,8.78323,8.78583,2.48,1.13
2013.10.10 15:26:28.843,8.78342,8.78588,1.35,1.13
2013.10.10 15:26:29.086,8.78462,8.78687,2.48,1.13
2013.10.10 15:26:29.273,8.78481,8.78747,1.73,1.13
2013.10.10 15:26:30.182,8.78486,8.78653,1.13,3.23
2013.10.10 15:26:30.363,8.78427,8.78602,1.13,1.13
2013.10.10 15:26:30.482,8.78462,8.78633,2.10,1.88
2013.10.10 15:26:30.602,8.78469,8.78677,1.73,1.13
2013.10.10 15:26:30.782,8.78485,8.78747,1.73,1.13
2013.10.10 15:26:31.693,8.78519,8.78763,1.35,2.10
2013.10.10 15:26:31.933,8.78553,8.78768,1.50,2.18
2013.10.10 15:26:32.423,8.78553,8.78758,1.50,1.13
2013.10.10 15:26:32.543,8.78547,8.78758,1.13,1.13
2013.10.10 15:26:32.609,8.7854,8.78753,1.13,1.13
2013.10.10 15:26:54.924,8.78518,8.78761,1.73,2.48
2013.10.10 15:26:54.996,8.78518,8.78768,1.73,3.00
2013.10.10 15:26:55.066,8.78547,8.78768,1.13,2.25
2013.10.10 15:26:55.484,8.78552,8.78773,1.50,2.63
2013.10.10 15:26:56.882,8.78548,8.78778,1.13,1.58
2013.10.10 15:26:57.974,8.78557,8.78785,1.13,2.25
2013.10.10 15:26:58.872,8.78548,8.78788,1.13,1.80
2013.10.10 15:26:58.933,8.78548,8.78788,1.13,1.80
2013.10.10 15:26:59.053,8.7855,8.78794,1.13,2.70
2013.10.10 15:26:59.172,8.78573,8.78794,2.25,2.70
2013.10.10 15:26:59.352,8.78568,8.78794,1.50,2.70
2013.10.10 15:26:59.412,8.78597,8.78802,1.50,1.80
2013.10.10 15:26:59.532,8.78597,8.78808,1.50,1.65
2013.10.10 15:26:59.593,8.78591,8.78808,1.50,1.65
2013.10.10 15:27:00.374,8.78598,8.78808,1.50,1.65
2013.10.10 15:27:00.612,8.78605,8.78815,1.50,1.65
2013.10.10 15:27:00.672,8.78613,8.78815,1.50,1.65
2013.10.10 15:27:00.917,8.78605,8.78819,1.50,1.88
2013.10.10 15:27:01.107,8.78598,8.78819,1.50,1.88
2013.10.10 15:27:01.173,8.78598,8.78825,1.50,2.55
2013.10.10 15:27:02.043,8.78598,8.7883,1.50,1.95
2013.10.10 15:27:02.802,8.78598,8.78834,1.50,2.25
2013.10.10 15:27:03.578,8.78598,8.78832,1.50,2.40
2013.10.10 15:27:03.704,8.78598,8.78835,1.50,1.80
2013.10.10 15:27:04.400,8.78598,8.78838,1.50,1.80
2013.10.10 15:27:06.813,8.78598,8.7881,1.50,1.50
2013.10.10 15:27:07.116,8.78589,8.78786,2.25,1.13
2013.10.10 15:27:07.182,8.78528,8.78786,1.13,1.13
2013.10.10 15:27:08.214,8.78528,8.78778,1.13,1.13
2013.10.10 15:27:33.613,8.78513,8.78703,1.13,1.13
2013.10.10 15:27:33.972,8.78458,8.78668,1.13,1.13
2013.10.10 15:28:12.064,8.78462,8.78668,2.40,1.13
2013.10.10 15:28:31.945,8.78513,8.78683,2.10,1.13
2013.10.10 15:28:32.013,8.78513,8.78683,2.48,1.13
2013.10.10 15:28:36.046,8.78513,8.78632,2.48,1.13
2013.10.10 15:28:36.353,8.78447,8.7863,1.13,1.13
2013.10.10 15:28:36.533,8.78437,8.78655,2.48,1.13
2013.10.10 15:30:02.664,8.78449,8.78632,2.48,1.13
2013.10.10 15:31:18.472,8.78526,8.78689,1.65,1.50
2013.10.10 15:31:18.533,8.78526,8.78702,1.65,1.73
2013.10.10 15:31:18.653,8.78536,8.78702,1.13,1.35
2013.10.10 15:31:18.893,8.78535,8.78763,1.73,1.13
2013.10.10 15:31:18.954,8.78547,8.78792,1.13,1.13
2013.10.10 15:31:20.014,8.78553,8.78803,1.13,1.13
2013.10.10 15:31:20.325,8.78551,8.78796,1.13,1.13
2013.10.10 15:31:21.193,8.78545,8.78795,1.13,1.13
2013.10.10 15:31:21.734,8.78509,8.78703,1.50,1.13
2013.10.10 15:31:21.793,8.78507,8.78702,1.13,1.13
2013.10.10 15:31:21.853,8.78494,8.78702,1.13,1.88
2013.10.10 15:31:28.883,8.78528,8.78702,2.10,1.88
2013.10.10 15:31:29.004,8.78528,8.78707,2.48,1.50
2013.10.10 15:31:29.064,8.78528,8.78713,2.48,1.13
2013.10.10 15:31:29.122,8.78528,8.78793,2.48,1.13
2013.10.10 15:31:30.253,8.78548,8.78782,1.73,1.13
2013.10.10 15:31:31.666,8.78559,8.78793,1.13,1.13
2013.10.10 15:31:34.684,8.78578,8.78713,1.13,1.63
2013.10.10 15:31:34.863,8.78526,8.78703,1.28,1.13
2013.10.10 15:31:41.991,8.78581,8.78715,2.48,1.50
2013.10.10 15:31:42.059,8.78581,8.78754,2.48,1.13
2013.10.10 15:31:49.924,8.78597,8.78842,1.35,1.50
2013.10.10 15:31:50.043,8.78611,8.78852,1.35,1.13
2013.10.10 15:31:50.162,8.78664,8.78849,1.13,1.13
2013.10.10 15:31:51.143,8.78664,8.78864,1.13,1.50
2013.10.10 15:31:51.263,8.78665,8.78882,1.13,2.63
2013.10.10 15:31:51.383,8.78696,8.78882,1.50,2.63
2013.10.10 15:31:51.805,8.78728,8.78882,1.50,1.58
2013.10.10 15:31:52.374,8.78719,8.78882,1.50,2.18
2013.10.10 15:31:52.553,8.78735,8.78882,1.50,2.18
2013.10.10 15:31:52.613,8.78735,8.78912,1.50,2.33
2013.10.10 15:31:53.035,8.78735,8.78907,1.50,2.25
2013.10.10 15:31:53.674,8.78729,8.78907,1.50,2.25
2013.10.10 15:31:53.913,8.78735,8.78907,1.50,2.25
2013.10.10 15:31:54.373,8.78735,8.78903,1.50,2.85
2013.10.10 15:31:55.313,8.78743,8.78903,1.50,2.85
2013.10.10 15:31:55.373,8.78743,8.78943,1.50,2.03
2013.10.10 15:31:55.433,8.78763,8.78943,1.50,2.03
2013.10.10 15:31:55.793,8.78773,8.78938,1.50,2.18
2013.10.10 15:31:55.853,8.78766,8.78938,1.50,2.18
2013.10.10 15:31:56.304,8.78773,8.78938,1.50,2.78
2013.10.10 15:31:56.874,8.78773,8.78938,1.50,2.78
2013.10.10 15:31:57.113,8.78766,8.78932,1.50,1.58
2013.10.10 15:31:58.307,8.78777,8.78933,1.50,1.95
2013.10.10 15:31:58.853,8.78777,8.78934,1.50,1.50
2013.10.10 15:31:59.172,8.78769,8.78934,1.50,1.50
2013.10.10 15:31:59.513,8.78743,8.78934,1.50,1.50
2013.10.10 15:31:59.573,8.78763,8.78934,1.50,1.50
2013.10.10 15:31:59.633,8.78769,8.78973,1.50,2.18
2013.10.10 15:31:59.753,8.78778,8.78967,1.50,2.93
2013.10.10 15:32:00.074,8.78778,8.78967,1.50,2.93
2013.10.10 15:32:00.433,8.78723,8.78952,1.50,2.93
2013.10.10 15:32:00.613,8.78731,8.78952,1.50,2.93
2013.10.10 15:32:00.733,8.78731,8.78955,1.50,2.63
2013.10.10 15:32:01.314,8.78731,8.78954,1.50,1.73
2013.10.10 15:32:01.702,8.78731,8.78957,1.50,2.55
2013.10.10 15:32:01.943,8.78737,8.78957,1.50,2.55
2013.10.10 15:32:02.063,8.7873,8.78957,1.50,2.55
2013.10.10 15:32:02.563,8.78725,8.78957,1.50,2.55
2013.10.10 15:32:02.704,8.78725,8.78962,1.50,1.88
2013.10.10 15:32:03.702,8.78725,8.78966,1.50,2.48
2013.10.10 15:32:05.312,8.78725,8.78966,1.50,2.48
2013.10.10 15:32:07.322,8.78718,8.78968,1.13,2.03
2013.10.10 15:32:08.173,8.78745,8.78968,2.48,2.03
2013.10.10 15:32:08.533,8.78792,8.79052,1.13,1.13
2013.10.10 15:32:09.715,8.7879,8.79062,1.13,1.13
2013.10.10 15:32:10.423,8.78775,8.78942,1.35,1.88
2013.10.10 15:32:10.483,8.78749,8.78902,1.50,1.13
2013.10.10 15:32:10.603,8.78749,8.78902,1.50,1.13
2013.10.10 15:32:10.782,8.78717,8.78902,1.13,1.13
2013.10.10 15:32:13.263,8.78681,8.78903,1.20,1.13
2013.10.10 15:32:13.502,8.78681,8.78892,1.13,1.13
2013.10.10 15:32:13.803,8.78648,8.78873,1.05,1.13
2013.10.10 15:32:15.413,8.78647,8.78877,1.05,1.13
2013.10.10 15:32:18.744,8.78671,8.78867,1.35,1.13
2013.10.10 15:32:18.803,8.78671,8.78892,1.35,1.13
2013.10.10 15:32:18.923,8.78675,8.78939,1.73,1.13
2013.10.10 15:32:20.028,8.78689,8.78957,1.73,1.13
2013.10.10 15:32:20.185,8.78689,8.78963,1.73,1.13
2013.10.10 15:32:21.136,8.78693,8.78965,1.73,1.13
2013.10.10 15:32:23.902,8.78702,8.78971,1.13,1.13
2013.10.10 15:32:27.622,8.78743,8.78968,2.48,1.13
2013.10.10 15:32:27.923,8.78743,8.78969,2.48,1.13
2013.10.10 15:32:36.505,8.78733,8.78896,1.13,1.13
2013.10.10 15:32:36.574,8.78683,8.78834,2.25,2.10
2013.10.10 15:32:36.634,8.78672,8.78834,2.63,2.10
2013.10.10 15:32:36.693,8.78667,8.78834,1.80,2.10
2013.10.10 15:32:37.053,8.7863,8.78834,2.18,2.10
2013.10.10 15:32:37.363,8.78627,8.78834,1.95,2.10
2013.10.10 15:32:37.686,8.78622,8.78834,2.93,2.10
2013.10.10 15:32:38.763,8.78618,8.78834,2.25,2.10
2013.10.10 15:32:39.123,8.78613,8.78831,1.95,1.35
2013.10.10 15:32:39.247,8.78607,8.78831,2.55,1.35
2013.10.10 15:32:43.963,8.78606,8.78825,2.18,1.35
2013.10.10 15:32:46.005,8.78601,8.78825,1.73,1.35
2013.10.10 15:32:46.068,8.78601,8.78825,1.73,1.35
2013.10.10 15:32:50.003,8.78601,8.78819,1.73,1.13
2013.10.10 15:32:50.123,8.78563,8.78812,1.13,1.13
2013.10.10 15:32:50.183,8.78563,8.78789,1.13,2.10
2013.10.10 15:32:50.244,8.78558,8.78789,1.13,2.10
2013.10.10 15:32:50.304,8.78545,8.78789,1.13,2.10
2013.10.10 15:32:50.842,8.78536,8.78789,1.13,2.48
2013.10.10 15:32:51.173,8.78536,8.78806,1.13,1.13
2013.10.10 15:32:51.775,8.78557,8.7882,1.13,1.13
2013.10.10 15:32:52.843,8.78557,8.78825,1.13,1.13
2013.10.10 15:32:53.733,8.78558,8.78829,1.13,1.13
2013.10.10 15:32:53.923,8.78557,8.78829,1.13,1.13
2013.10.10 15:32:54.042,8.78557,8.78829,1.13,1.13
2013.10.10 15:32:55.463,8.78558,8.7883,1.13,1.13
2013.10.10 15:32:56.014,8.78558,8.78832,1.13,1.13
2013.10.10 15:32:56.687,8.78558,8.78832,1.13,1.13
2013.10.10 15:33:01.995,8.78558,8.7883,1.13,1.13
2013.10.10 15:33:03.872,8.78652,8.7883,2.10,1.13
2013.10.10 15:33:04.173,8.78626,8.78716,1.50,2.85
2013.10.10 15:33:04.304,8.78546,8.78712,1.73,3.23
2013.10.10 15:33:04.423,8.78518,8.78712,1.13,3.23
2013.10.10 15:33:05.467,8.78547,8.78815,1.13,1.13
2013.10.10 15:33:06.814,8.78637,8.78815,2.10,1.13
2013.10.10 15:33:07.124,8.78648,8.78849,1.05,1.13
2013.10.10 15:33:07.243,8.7866,8.78875,1.73,1.13
2013.10.10 15:33:12.433,8.78658,8.78912,1.50,2.48
2013.10.10 15:33:12.553,8.78657,8.78887,1.13,1.13
2013.10.10 15:33:12.613,8.78629,8.78887,1.13,1.13
2013.10.10 15:33:14.272,8.78629,8.78886,1.13,1.13
2013.10.10 15:33:14.753,8.7866,8.78902,1.73,1.13
2013.10.10 15:33:20.924,8.78672,8.7889,1.13,2.10
2013.10.10 15:33:20.984,8.78666,8.78932,1.13,1.13
2013.10.10 15:33:21.227,8.78746,8.78962,2.48,1.13
2013.10.10 15:33:21.534,8.78843,8.78942,2.10,1.13
2013.10.10 15:33:21.594,8.78843,8.78988,2.10,1.13
2013.10.10 15:33:22.433,8.78843,8.79022,2.48,1.13
2013.10.10 15:33:22.795,8.78843,8.79037,2.10,1.13
2013.10.10 15:33:22.863,8.78843,8.79037,2.48,1.13
2013.10.10 15:33:23.663,8.78843,8.79023,2.10,1.13
2013.10.10 15:33:24.024,8.78775,8.78902,2.33,1.13
2013.10.10 15:33:24.084,8.78737,8.78902,1.80,1.13
2013.10.10 15:33:24.205,8.78787,8.78922,2.48,1.88
2013.10.10 15:33:26.164,8.78787,8.79002,2.48,1.13
2013.10.10 15:33:42.943,8.78787,8.79032,2.48,1.13
2013.10.10 15:33:44.794,8.78787,8.79019,2.48,1.13
2013.10.10 15:33:45.133,8.78787,8.79024,2.48,1.13
2013.10.10 15:33:53.443,8.78779,8.78953,1.13,1.88
2013.10.10 15:33:53.803,8.78714,8.78903,1.13,1.88
2013.10.10 15:33:54.132,8.78714,8.78903,1.13,1.88
2013.10.10 15:33:54.314,8.78711,8.78952,1.13,1.73
2013.10.10 15:33:54.813,8.78706,8.78927,1.05,1.13
2013.10.10 15:33:58.135,8.78692,8.78927,1.13,1.73
2013.10.10 15:34:02.534,8.78666,8.78908,1.73,1.35
2013.10.10 15:34:03.233,8.78657,8.78908,1.73,1.35
2013.10.10 15:34:03.673,8.78663,8.78915,1.13,1.13
2013.10.10 15:34:04.034,8.78714,8.78943,1.13,2.78
2013.10.10 15:34:04.213,8.78697,8.78945,1.13,1.73
2013.10.10 15:34:04.333,8.78697,8.78945,1.13,1.73
2013.10.10 15:34:04.693,8.78708,8.78933,1.13,1.80
2013.10.10 15:34:04.873,8.78708,8.78933,1.13,1.80
2013.10.10 15:34:06.054,8.78702,8.78938,1.13,2.25
2013.10.10 15:34:08.283,8.78702,8.78937,1.13,1.65
2013.10.10 15:34:09.319,8.78702,8.78938,1.13,1.73
2013.10.10 15:34:17.965,8.78708,8.78938,1.13,2.93
2013.10.10 15:34:19.242,8.78708,8.78935,1.13,2.18
2013.10.10 15:34:19.543,8.78699,8.78924,1.13,1.73
2013.10.10 15:34:35.294,8.78659,8.78912,1.13,1.13
2013.10.10 15:34:37.570,8.78659,8.78922,1.13,1.73
2013.10.10 15:34:49.763,8.78699,8.78932,1.73,1.50
2013.10.10 15:34:50.124,8.78706,8.78932,1.13,1.50
2013.10.10 15:34:52.663,8.78697,8.78932,1.73,1.50
2013.10.10 15:34:52.783,8.78719,8.78985,1.13,1.50
2013.10.10 15:34:52.844,8.78744,8.78992,1.13,1.13
2013.10.10 15:34:52.964,8.78744,8.78985,1.13,1.13
2013.10.10 15:34:53.965,8.78734,8.78992,1.13,1.13
2013.10.10 15:34:56.604,8.78745,8.78992,1.13,1.13
2013.10.10 15:34:59.923,8.78729,8.78959,1.13,1.13
2013.10.10 15:35:00.044,8.78697,8.78951,1.73,1.35
2013.10.10 15:35:02.633,8.78689,8.78942,1.73,1.50
2013.10.10 15:35:03.630,8.78689,8.78942,1.73,1.50
2013.10.10 15:35:04.675,8.78692,8.78843,1.13,1.35
2013.10.10 15:35:04.735,8.78663,8.78813,1.50,1.54
2013.10.10 15:35:04.984,8.78681,8.78863,2.48,1.13
2013.10.10 15:35:05.343,8.78675,8.78932,1.13,1.73
2013.10.10 15:35:06.063,8.78672,8.78922,1.13,1.35
2013.10.10 15:35:06.423,8.78656,8.78922,1.13,2.10
2013.10.10 15:35:06.724,8.78642,8.78797,2.10,1.73
2013.10.10 15:35:06.844,8.78602,8.78797,1.13,1.73
2013.10.10 15:35:07.574,8.78554,8.78793,1.13,1.73
2013.10.10 15:35:12.013,8.78537,8.78778,1.13,1.73
2013.10.10 15:35:12.255,8.78521,8.78767,1.13,1.73
2013.10.10 15:35:13.244,8.78511,8.78741,1.13,1.35
2013.10.10 15:35:13.603,8.785,8.78741,1.13,1.35
2013.10.10 15:35:16.233,8.78514,8.78753,1.13,1.35
2013.10.10 15:35:21.236,8.78536,8.78786,1.35,1.50
2013.10.10 15:35:21.603,8.78592,8.78836,1.13,1.13
2013.10.10 15:35:22.553,8.786,8.78833,1.13,1.13
2013.10.10 15:35:23.843,8.7861,8.7877,1.13,2.10
2013.10.10 15:35:24.023,8.78576,8.78767,1.13,1.73
2013.10.10 15:35:37.603,8.78509,8.78667,1.13,2.10
2013.10.10 15:35:37.664,8.78488,8.78653,1.50,1.73
2013.10.10 15:35:37.844,8.78458,8.78653,2.48,1.13
2013.10.10 15:35:38.024,8.78458,8.78668,2.48,1.13
2013.10.10 15:35:38.744,8.78467,8.78722,1.13,1.73
2013.10.10 15:35:41.123,8.78467,8.78647,1.13,2.48
2013.10.10 15:35:41.304,8.78452,8.78647,1.13,3.23
2013.10.10 15:35:41.714,8.78408,8.78647,1.13,3.23
2013.10.10 15:35:45.105,8.78407,8.78642,1.13,1.35
2013.10.10 15:35:47.133,8.78404,8.78649,2.48,1.50
2013.10.10 15:35:47.193,8.78408,8.7865,2.10,1.50
2013.10.10 15:35:47.253,8.78418,8.78673,1.35,1.13
2013.10.10 15:35:47.313,8.78418,8.78681,1.35,1.50
2013.10.10 15:35:47.373,8.78457,8.78691,1.13,1.65
2013.10.10 15:35:47.493,8.78457,8.78706,1.13,2.70
2013.10.10 15:35:47.553,8.78457,8.78706,1.13,2.70
2013.10.10 15:35:48.413,8.78456,8.78702,1.13,1.50
2013.10.10 15:35:48.777,8.78463,8.7871,1.13,2.93
2013.10.10 15:35:54.153,8.78498,8.7871,1.05,1.88
2013.10.10 15:35:54.333,8.78498,8.78742,1.05,2.10
2013.10.10 15:35:54.792,8.78497,8.78742,1.05,2.10
2013.10.10 15:35:55.208,8.78498,8.78732,1.05,1.50
2013.10.10 15:35:56.563,8.78497,8.78729,1.05,1.50
2013.10.10 15:35:57.542,8.78498,8.78729,1.05,1.50
2013.10.10 15:35:58.394,8.78497,8.78729,1.05,1.50
2013.10.10 15:36:02.214,8.78498,8.78723,1.05,1.50
2013.10.10 15:36:11.633,8.78497,8.78733,1.05,3.08
2013.10.10 15:36:11.753,8.78497,8.78742,1.05,1.35
2013.10.10 15:36:14.587,8.78499,8.78742,1.73,1.35
2013.10.10 15:36:21.116,8.78501,8.78752,1.73,1.35
2013.10.10 15:36:21.234,8.78498,8.78752,1.05,1.35
2013.10.10 15:36:24.433,8.78544,8.78791,1.13,1.35
2013.10.10 15:36:44.540,8.78525,8.78767,1.73,1.35
2013.10.10 15:36:45.061,8.78519,8.78753,1.73,1.13
2013.10.10 15:36:46.194,8.78519,8.78753,2.40,1.13
2013.10.10 15:36:47.086,8.78519,8.78753,2.48,1.13
2013.10.10 15:36:58.523,8.7852,8.78762,1.73,1.13
2013.10.10 15:37:08.964,8.78507,8.7874,2.48,1.13
2013.10.10 15:37:14.143,8.78532,8.78722,1.13,1.13
2013.10.10 15:37:20.413,8.78509,8.78751,1.73,1.13
2013.10.10 15:37:24.933,8.78497,8.78737,1.20,1.73
2013.10.10 15:37:35.054,8.78477,8.7869,2.02,1.13
2013.10.10 15:38:20.904,8.7848,8.78694,1.28,2.25
2013.10.10 15:38:28.704,8.78483,8.78702,1.28,2.10
2013.10.10 15:38:28.824,8.78483,8.78702,1.28,2.10
2013.10.10 15:38:29.183,8.78483,8.78702,1.28,1.35
2013.10.10 15:38:30.003,8.7849,8.78702,1.20,1.35
2013.10.10 15:38:30.926,8.78468,8.78694,1.52,1.50
2013.10.10 15:38:30.994,8.78468,8.78679,1.40,2.03
2013.10.10 15:38:31.114,8.78474,8.78702,1.46,1.35
2013.10.10 15:38:38.164,8.78503,8.78702,1.13,1.35
2013.10.10 15:38:38.403,8.78503,8.7872,1.13,2.59
2013.10.10 15:38:40.933,8.78501,8.78727,1.13,2.10
2013.10.10 15:38:43.804,8.78478,8.78702,1.01,1.35
2013.10.10 15:38:53.756,8.78478,8.78695,1.18,2.60
2013.10.10 15:38:54.063,8.78482,8.7868,1.28,3.04
2013.10.10 15:38:54.123,8.78482,8.78702,1.28,1.35
2013.10.10 15:38:54.183,8.78482,8.78717,1.28,1.35
2013.10.10 15:38:57.063,8.78482,8.78719,1.28,1.35
2013.10.10 15:38:58.535,8.78497,8.78732,1.05,2.55
2013.10.10 15:38:58.653,8.78497,8.78732,1.05,2.55
