2010.06.11 15:00:00.263,9.6025,9.6049,1.00,1.00
2010.06.11 15:00:01.027,9.60275,9.6045,1.60,1.00
2010.06.11 15:00:03.764,9.60275,9.6047,1.60,1.00
2010.06.11 15:00:04.784,9.6025,9.6037,1.00,3.20
2010.06.11 15:00:05.139,9.60175,9.60455,1.60,1.00
2010.06.11 15:00:06.530,9.60265,9.60485,2.40,1.00
2010.06.11 15:00:06.874,9.6023,9.60485,1.00,1.00
2010.06.11 15:00:08.308,9.6024,9.60485,1.00,1.00
2010.06.11 15:00:08.937,9.6024,9.60425,1.00,1.00
2010.06.11 15:00:09.239,9.60175,9.6045,1.60,1.00
2010.06.11 15:00:10.588,9.6024,9.6045,1.00,1.00
2010.06.11 15:00:10.844,9.6022,9.6045,1.00,1.00
2010.06.11 15:00:11.719,9.6024,9.6045,1.00,1.00
2010.06.11 15:00:12.068,9.6022,9.6045,1.00,1.00
2010.06.11 15:00:12.711,9.6024,9.6045,1.00,1.00
2010.06.11 15:00:15.750,9.6022,9.60455,1.00,1.00
2010.06.11 15:00:16.843,9.6026,9.60455,1.00,1.00
2010.06.11 15:00:17.180,9.60355,9.60545,1.60,1.60
2010.06.11 15:00:17.895,9.60355,9.6051,1.60,1.00
2010.06.11 15:00:18.205,9.6022,9.60495,1.00,1.60
2010.06.11 15:00:18.548,9.6022,9.60495,1.00,1.60
2010.06.11 15:00:19.587,9.6024,9.60495,1.00,1.60
2010.06.11 15:00:19.934,9.6024,9.60495,1.00,1.60
2010.06.11 15:00:20.733,9.6024,9.60495,1.00,1.60
2010.06.11 15:00:21.820,9.60325,9.6051,1.00,1.00
2010.06.11 15:00:22.171,9.6035,9.6051,2.40,1.00
2010.06.11 15:00:23.823,9.6032,9.6051,1.00,1.00
2010.06.11 15:00:24.110,9.6026,9.60505,1.00,1.60
2010.06.11 15:00:25.084,9.6024,9.6049,1.00,1.00
2010.06.11 15:00:25.432,9.6024,9.60505,1.00,1.60
2010.06.11 15:00:25.774,9.6024,9.605,1.00,1.00
2010.06.11 15:00:26.872,9.6024,9.60505,1.00,1.60
2010.06.11 15:00:28.576,9.6024,9.605,1.00,1.00
2010.06.11 15:00:29.560,9.6024,9.60505,1.00,1.60
2010.06.11 15:00:30.875,9.60235,9.60505,2.40,1.60
2010.06.11 15:00:32.047,9.6025,9.6051,1.00,1.00
2010.06.11 15:00:33.553,9.6027,9.6051,1.00,1.00
2010.06.11 15:00:33.806,9.6025,9.6051,1.00,1.00
2010.06.11 15:00:34.464,9.6026,9.6051,1.00,1.00
2010.06.11 15:00:34.820,9.6024,9.6051,1.00,1.00
2010.06.11 15:00:35.754,9.6029,9.6051,1.00,1.00
2010.06.11 15:00:39.672,9.6027,9.6051,1.00,1.00
2010.06.11 15:00:40.596,9.6026,9.6051,2.50,1.00
2010.06.11 15:00:41.502,9.6026,9.6051,2.40,1.00
2010.06.11 15:00:41.849,9.6035,9.6051,1.00,1.00
2010.06.11 15:00:48.540,9.60425,9.6051,1.00,1.00
2010.06.11 15:00:49.007,9.6044,9.6051,2.40,1.00
2010.06.11 15:00:51.707,9.60475,9.6075,1.00,1.60
2010.06.11 15:00:52.182,9.605,9.6075,1.00,1.60
2010.06.11 15:00:52.515,9.6049,9.6055,1.00,1.00
2010.06.11 15:00:53.960,9.6049,9.60765,1.00,1.60
2010.06.11 15:00:54.309,9.6049,9.6074,1.00,1.00
2010.06.11 15:00:55.045,9.60395,9.607,1.00,3.10
2010.06.11 15:00:55.353,9.60465,9.6053,1.60,1.00
2010.06.11 15:00:58.420,9.60405,9.6051,1.00,1.00
2010.06.11 15:00:59.012,9.60395,9.6051,1.00,1.00
2010.06.11 15:00:59.489,9.6039,9.6051,1.00,1.00
2010.06.11 15:01:00.175,9.60395,9.6051,1.00,1.00
2010.06.11 15:01:03.096,9.60465,9.6051,2.40,1.00
2010.06.11 15:01:03.440,9.60565,9.6086,1.00,1.60
2010.06.11 15:01:04.130,9.6059,9.6087,2.50,1.60
2010.06.11 15:01:05.082,9.6065,9.6083,1.00,1.60
2010.06.11 15:01:05.786,9.6066,9.6083,1.00,1.60
2010.06.11 15:01:06.145,9.6064,9.6083,1.00,1.60
2010.06.11 15:01:06.420,9.6066,9.6083,1.00,1.60
2010.06.11 15:01:07.088,9.6064,9.6083,1.00,1.60
2010.06.11 15:01:07.384,9.6066,9.6083,1.00,1.60
2010.06.11 15:01:09.085,9.6066,9.60795,1.00,1.00
2010.06.11 15:01:09.430,9.6066,9.60725,1.00,1.60
2010.06.11 15:01:10.139,9.6074,9.6076,2.40,1.00
2010.06.11 15:01:10.451,9.6081,9.6103,2.80,1.00
2010.06.11 15:01:10.797,9.6081,9.6104,2.80,1.00
2010.06.11 15:01:11.563,9.6081,9.6095,2.80,2.40
2010.06.11 15:01:11.906,9.60655,9.6094,1.00,2.40
2010.06.11 15:01:16.115,9.6064,9.6066,1.60,2.40
2010.06.11 15:01:16.601,9.6025,9.607,2.40,5.60
2010.06.11 15:01:16.927,9.6041,9.6069,1.00,2.40
2010.06.11 15:01:19.223,9.6045,9.6064,1.00,2.40
2010.06.11 15:01:22.455,9.60195,9.60565,1.00,2.40
2010.06.11 15:01:22.760,9.60195,9.6051,1.00,1.00
2010.06.11 15:01:23.552,9.6023,9.6053,1.00,1.00
2010.06.11 15:01:26.100,9.6031,9.60655,1.00,2.40
2010.06.11 15:01:26.440,9.6031,9.6068,1.00,2.40
2010.06.11 15:01:29.659,9.60225,9.60545,1.00,1.60
2010.06.11 15:01:34.031,9.6021,9.60525,2.20,1.60
2010.06.11 15:01:34.430,9.6021,9.60515,1.10,1.60
2010.06.11 15:01:37.483,9.6021,9.605,1.10,1.00
2010.06.11 15:01:38.060,9.60215,9.6052,1.00,1.00
2010.06.11 15:01:42.900,9.6022,9.60525,1.00,1.00
2010.06.11 15:01:43.267,9.60225,9.60525,1.00,1.00
2010.06.11 15:01:46.443,9.60315,9.6055,1.00,1.00
2010.06.11 15:01:46.657,9.60315,9.6062,1.00,1.00
2010.06.11 15:01:50.771,9.6031,9.6061,1.00,1.00
2010.06.11 15:01:59.514,9.60465,9.6061,1.00,1.00
2010.06.11 15:01:59.694,9.6048,9.6061,1.00,1.00
2010.06.11 15:02:00.352,9.6048,9.6073,1.00,1.00
2010.06.11 15:02:00.648,9.6046,9.6069,1.10,1.00
2010.06.11 15:02:01.326,9.6046,9.6069,1.10,1.00
2010.06.11 15:02:01.484,9.6046,9.6075,1.10,1.60
2010.06.11 15:02:01.973,9.6046,9.60765,3.50,1.00
2010.06.11 15:02:02.252,9.6056,9.6081,2.40,1.00
2010.06.11 15:02:07.302,9.6051,9.6081,2.40,1.00
2010.06.11 15:02:07.572,9.60515,9.60815,1.00,1.00
2010.06.11 15:02:24.668,9.60515,9.608,1.00,1.00
2010.06.11 15:02:25.015,9.60515,9.60815,1.00,1.00
2010.06.11 15:02:30.863,9.6037,9.6065,2.40,1.00
2010.06.11 15:02:31.003,9.6037,9.60835,2.40,1.00
2010.06.11 15:02:40.736,9.6049,9.6081,2.40,1.00
2010.06.11 15:02:53.076,9.6051,9.60815,2.40,1.00
2010.06.11 15:02:54.994,9.6051,9.6081,2.40,1.00
2010.06.11 15:02:56.610,9.6051,9.608,2.40,1.00
2010.06.11 15:02:58.509,9.6051,9.6078,2.40,1.00
2010.06.11 15:03:00.082,9.6051,9.60815,2.40,1.00
2010.06.11 15:03:00.301,9.60535,9.6082,1.00,1.00
2010.06.11 15:03:00.522,9.6056,9.6084,1.00,1.00
2010.06.11 15:03:03.952,9.6059,9.60865,1.00,1.00
2010.06.11 15:03:04.670,9.60575,9.60875,1.00,1.00
2010.06.11 15:03:06.094,9.6059,9.60825,1.00,1.00
2010.06.11 15:03:09.658,9.606,9.60825,1.00,1.00
2010.06.11 15:03:15.741,9.6062,9.60825,1.00,1.00
2010.06.11 15:03:16.569,9.6063,9.60825,1.00,1.00
2010.06.11 15:03:20.756,9.6063,9.6074,1.00,5.20
2010.06.11 15:03:21.112,9.6045,9.60615,2.40,1.00
2010.06.11 15:03:21.435,9.6034,9.60615,1.40,1.00
2010.06.11 15:03:21.754,9.6032,9.60615,1.00,1.00
2010.06.11 15:03:22.798,9.6035,9.60595,1.00,1.00
2010.06.11 15:03:23.138,9.6036,9.6063,1.00,1.60
2010.06.11 15:03:23.340,9.6038,9.6063,2.40,1.00
2010.06.11 15:03:23.941,9.6038,9.6067,2.40,1.00
2010.06.11 15:03:24.138,9.6038,9.6083,2.40,1.00
2010.06.11 15:03:27.770,9.6038,9.6081,2.50,1.00
2010.06.11 15:03:28.256,9.6039,9.6081,1.00,1.00
2010.06.11 15:03:28.571,9.6038,9.6081,2.50,1.00
2010.06.11 15:03:28.912,9.6039,9.6081,1.00,1.00
2010.06.11 15:03:31.252,9.6038,9.6081,2.50,1.00
2010.06.11 15:03:32.230,9.6039,9.6081,1.00,1.00
2010.06.11 15:03:32.581,9.6048,9.60815,2.40,1.00
2010.06.11 15:03:34.033,9.6047,9.608,2.40,1.00
2010.06.11 15:03:34.373,9.60465,9.608,1.00,1.00
2010.06.11 15:03:35.451,9.60465,9.60635,1.00,1.00
2010.06.11 15:03:35.802,9.6034,9.6064,1.00,1.00
2010.06.11 15:03:36.583,9.6036,9.6084,2.40,1.00
2010.06.11 15:03:39.766,9.6038,9.6077,2.40,5.20
2010.06.11 15:03:39.991,9.6036,9.6062,1.00,1.00
2010.06.11 15:03:40.216,9.6038,9.6071,2.40,1.00
2010.06.11 15:03:40.986,9.6038,9.60765,2.40,1.00
2010.06.11 15:03:55.674,9.6048,9.60795,2.40,1.00
2010.06.11 15:03:57.135,9.6051,9.60795,1.00,1.00
2010.06.11 15:03:57.672,9.6053,9.60795,1.00,1.00
2010.06.11 15:03:58.893,9.6054,9.60795,1.00,1.00
2010.06.11 15:04:00.944,9.6052,9.60795,1.00,1.00
2010.06.11 15:04:02.142,9.605,9.60795,2.50,1.00
2010.06.11 15:04:04.716,9.6052,9.60795,1.00,1.00
2010.06.11 15:04:05.931,9.6054,9.60795,1.00,1.00
2010.06.11 15:04:17.478,9.6052,9.60795,1.00,1.00
2010.06.11 15:04:18.441,9.605,9.60795,2.50,1.00
2010.06.11 15:04:18.783,9.6052,9.60795,1.00,1.00
2010.06.11 15:04:19.416,9.6052,9.6082,1.00,1.00
2010.06.11 15:04:19.764,9.6054,9.6082,1.00,1.00
2010.06.11 15:04:20.902,9.6055,9.6082,1.00,1.00
2010.06.11 15:04:22.731,9.6053,9.6082,1.00,1.00
2010.06.11 15:04:25.240,9.6054,9.6082,1.00,1.00
2010.06.11 15:04:25.600,9.6052,9.6082,1.00,1.00
2010.06.11 15:04:25.946,9.6054,9.6082,1.00,1.00
2010.06.11 15:04:30.326,9.6056,9.6082,1.00,1.00
2010.06.11 15:04:32.335,9.6054,9.6082,1.00,1.00
2010.06.11 15:04:35.117,9.6056,9.6082,1.00,1.00
2010.06.11 15:04:35.393,9.6054,9.6082,1.00,1.00
2010.06.11 15:04:35.870,9.6056,9.6082,1.00,1.00
2010.06.11 15:04:37.484,9.6054,9.6082,1.00,1.00
2010.06.11 15:04:38.180,9.6052,9.6082,1.00,1.00
2010.06.11 15:04:41.688,9.6054,9.6082,1.00,1.00
2010.06.11 15:04:42.441,9.6052,9.6082,1.00,1.00
2010.06.11 15:04:43.908,9.6054,9.6082,1.00,1.00
2010.06.11 15:04:46.325,9.6057,9.6082,1.00,1.00
2010.06.11 15:04:46.897,9.6055,9.6082,1.00,1.00
2010.06.11 15:04:48.318,9.6052,9.6082,1.00,1.00
2010.06.11 15:04:49.770,9.6053,9.6082,1.00,1.00
2010.06.11 15:04:51.650,9.6057,9.6082,1.00,1.00
2010.06.11 15:04:52.901,9.6055,9.6082,1.00,1.00
2010.06.11 15:04:54.918,9.6057,9.6082,1.00,1.00
2010.06.11 15:05:00.775,9.6055,9.6082,1.00,1.00
2010.06.11 15:05:01.787,9.603,9.60635,1.00,1.00
2010.06.11 15:05:02.742,9.6031,9.60635,1.00,1.00
2010.06.11 15:05:04.059,9.6035,9.6059,1.00,1.00
2010.06.11 15:05:05.631,9.6035,9.6058,1.00,1.00
2010.06.11 15:05:07.172,9.6037,9.6058,1.00,1.00
2010.06.11 15:05:07.382,9.6037,9.60595,1.00,1.00
2010.06.11 15:05:07.645,9.6034,9.60595,1.00,1.00
2010.06.11 15:05:08.742,9.6035,9.60595,1.00,1.00
2010.06.11 15:05:09.385,9.6035,9.606,1.00,1.00
2010.06.11 15:05:10.069,9.6034,9.60595,2.50,1.00
2010.06.11 15:05:10.342,9.6034,9.60595,1.00,1.00
2010.06.11 15:05:11.964,9.6035,9.60595,1.00,1.00
2010.06.11 15:05:12.797,9.6035,9.6059,1.00,1.00
2010.06.11 15:05:13.837,9.6035,9.6058,1.00,1.00
2010.06.11 15:05:14.130,9.6037,9.60595,1.00,1.00
2010.06.11 15:05:15.210,9.6034,9.606,1.00,1.00
2010.06.11 15:05:15.558,9.604,9.6059,2.50,1.00
2010.06.11 15:05:15.907,9.604,9.6059,1.00,1.00
2010.06.11 15:05:16.155,9.6038,9.6059,1.00,1.00
2010.06.11 15:05:16.979,9.604,9.60565,1.00,1.00
2010.06.11 15:05:19.368,9.604,9.6056,1.00,1.00
2010.06.11 15:05:20.477,9.6039,9.60565,1.00,1.00
2010.06.11 15:05:20.741,9.604,9.6058,1.00,1.00
2010.06.11 15:05:21.437,9.6042,9.6058,1.00,1.00
2010.06.11 15:05:21.754,9.6044,9.607,1.00,1.00
2010.06.11 15:05:23.101,9.6042,9.6068,1.00,1.00
2010.06.11 15:05:28.291,9.6041,9.6068,2.40,1.00
2010.06.11 15:05:28.988,9.6042,9.6068,1.00,1.00
2010.06.11 15:05:33.567,9.6044,9.6068,1.00,1.00
2010.06.11 15:05:33.733,9.6044,9.60695,1.00,1.00
2010.06.11 15:05:41.099,9.605,9.60815,2.40,1.00
2010.06.11 15:05:42.177,9.6058,9.60795,1.00,1.00
2010.06.11 15:05:42.614,9.6059,9.60795,1.00,1.00
2010.06.11 15:05:43.976,9.606,9.60795,1.00,1.00
2010.06.11 15:05:52.124,9.6057,9.60795,1.00,1.00
2010.06.11 15:05:52.357,9.60575,9.60845,1.60,1.00
2010.06.11 15:05:53.830,9.606,9.60845,1.00,1.00
2010.06.11 15:05:57.055,9.6062,9.60845,1.00,1.00
2010.06.11 15:05:58.982,9.6064,9.60845,1.00,1.00
2010.06.11 15:05:59.824,9.6068,9.60925,1.00,2.30
2010.06.11 15:06:00.754,9.6069,9.60925,1.00,2.30
2010.06.11 15:06:02.359,9.6065,9.60925,1.00,2.30
2010.06.11 15:06:03.348,9.6069,9.60925,1.00,2.30
2010.06.11 15:06:04.520,9.6065,9.60925,1.00,2.30
2010.06.11 15:06:04.864,9.6069,9.60925,1.00,2.30
2010.06.11 15:06:05.212,9.6065,9.60925,1.00,2.30
2010.06.11 15:06:07.263,9.6066,9.60925,1.00,2.30
2010.06.11 15:06:08.686,9.6067,9.60925,1.00,2.30
2010.06.11 15:06:09.450,9.60725,9.60925,1.60,1.60
2010.06.11 15:06:11.793,9.60715,9.60885,1.60,1.60
2010.06.11 15:06:14.365,9.6079,9.6095,1.60,1.00
2010.06.11 15:06:14.550,9.6079,9.6096,1.60,1.60
2010.06.11 15:06:18.463,9.6075,9.60925,1.00,1.60
2010.06.11 15:06:20.969,9.6073,9.60925,1.00,1.60
2010.06.11 15:06:21.523,9.6075,9.60925,1.00,1.60
2010.06.11 15:06:22.894,9.6073,9.60925,1.00,1.60
2010.06.11 15:06:23.190,9.6075,9.60925,1.00,1.60
2010.06.11 15:06:24.657,9.6076,9.60925,1.00,1.60
2010.06.11 15:06:26.654,9.60725,9.60925,1.60,1.60
2010.06.11 15:06:26.994,9.6082,9.61,1.60,1.60
2010.06.11 15:06:27.332,9.6082,9.6101,1.60,1.60
2010.06.11 15:06:28.817,9.608,9.60975,1.00,1.60
2010.06.11 15:06:29.661,9.6074,9.6094,1.00,1.90
2010.06.11 15:06:30.008,9.6076,9.6094,1.00,1.90
2010.06.11 15:06:30.836,9.6074,9.6094,1.00,1.90
2010.06.11 15:06:32.085,9.6076,9.6094,1.00,1.90
2010.06.11 15:06:33.240,9.6078,9.6094,1.00,1.90
2010.06.11 15:06:33.555,9.6078,9.6094,1.00,1.90
2010.06.11 15:06:33.866,9.6076,9.6094,1.00,1.90
2010.06.11 15:06:35.688,9.6078,9.6094,1.00,1.90
2010.06.11 15:06:38.433,9.6076,9.6094,1.00,1.90
2010.06.11 15:06:39.016,9.6078,9.6094,1.00,1.90
2010.06.11 15:06:39.367,9.6074,9.6094,1.00,1.10
2010.06.11 15:06:40.057,9.6076,9.6094,1.00,1.10
2010.06.11 15:06:40.801,9.6074,9.6094,1.00,1.10
2010.06.11 15:06:43.139,9.60725,9.6094,1.60,1.10
2010.06.11 15:06:44.331,9.6074,9.6094,1.00,1.10
2010.06.11 15:06:46.981,9.6075,9.6094,1.00,1.10
2010.06.11 15:06:49.182,9.6075,9.6094,1.00,2.10
2010.06.11 15:06:54.397,9.6077,9.6094,1.00,2.10
2010.06.11 15:06:54.743,9.6075,9.6094,1.00,2.10
2010.06.11 15:06:55.085,9.6077,9.6094,1.00,2.10
2010.06.11 15:06:58.869,9.6077,9.6094,1.00,1.00
2010.06.11 15:07:00.148,9.6075,9.6094,1.00,1.00
2010.06.11 15:07:06.453,9.6077,9.6094,1.00,1.00
2010.06.11 15:07:06.593,9.6075,9.6094,1.00,1.00
2010.06.11 15:07:08.710,9.6076,9.6094,1.00,1.00
2010.06.11 15:07:09.072,9.6076,9.6094,1.00,1.00
2010.06.11 15:07:15.510,9.6081,9.6094,1.00,1.00
2010.06.11 15:07:16.693,9.6082,9.6094,1.00,1.00
2010.06.11 15:07:19.353,9.6082,9.60935,1.00,1.00
2010.06.11 15:07:19.909,9.6075,9.60935,1.00,1.00
2010.06.11 15:07:20.214,9.6074,9.60935,1.00,1.00
2010.06.11 15:07:20.663,9.60725,9.60935,1.60,1.00
2010.06.11 15:07:22.426,9.6074,9.60935,1.00,1.00
2010.06.11 15:07:22.664,9.6076,9.60935,1.00,1.00
2010.06.11 15:07:25.226,9.6078,9.60935,1.00,1.00
2010.06.11 15:07:27.085,9.6082,9.60935,1.00,1.00
2010.06.11 15:07:27.858,9.6084,9.60935,1.00,1.00
2010.06.11 15:07:28.537,9.6085,9.60935,1.00,1.00
2010.06.11 15:07:29.659,9.6083,9.60935,1.00,1.00
2010.06.11 15:07:32.159,9.6085,9.60935,1.00,1.00
2010.06.11 15:07:33.224,9.6087,9.60935,1.00,1.20
2010.06.11 15:07:34.311,9.6094,9.61055,1.00,1.60
2010.06.11 15:07:35.565,9.6095,9.61035,1.00,1.60
2010.06.11 15:07:36.851,9.6083,9.61025,1.00,1.60
2010.06.11 15:07:37.798,9.6085,9.61075,1.00,1.60
2010.06.11 15:07:39.006,9.6088,9.60955,1.00,1.80
2010.06.11 15:07:40.945,9.6088,9.61095,1.00,1.60
2010.06.11 15:07:44.112,9.6087,9.61075,1.00,1.60
2010.06.11 15:07:45.524,9.6088,9.61075,1.00,1.60
2010.06.11 15:07:53.517,9.6094,9.6108,1.60,2.40
2010.06.11 15:07:53.871,9.6094,9.6111,1.60,1.60
2010.06.11 15:08:04.250,9.60965,9.61135,1.60,1.60
2010.06.11 15:08:17.215,9.6078,9.61045,1.00,1.60
2010.06.11 15:08:18.581,9.608,9.6101,1.00,1.00
2010.06.11 15:08:20.030,9.60835,9.6108,1.00,1.00
2010.06.11 15:08:23.002,9.60765,9.61025,1.00,1.60
2010.06.11 15:08:24.237,9.60765,9.6101,1.00,1.00
2010.06.11 15:08:25.763,9.6085,9.6101,1.00,1.00
2010.06.11 15:08:28.047,9.6085,9.6099,1.00,1.00
2010.06.11 15:08:30.880,9.6076,9.6099,2.40,1.00
2010.06.11 15:08:32.165,9.6074,9.61015,2.40,1.00
2010.06.11 15:08:43.674,9.6078,9.6105,1.00,1.00
2010.06.11 15:08:43.804,9.60935,9.61085,1.60,1.00
2010.06.11 15:08:44.054,9.60935,9.61125,1.60,1.60
2010.06.11 15:08:44.183,9.60945,9.61135,1.60,1.60
2010.06.11 15:08:47.843,9.60975,9.6121,1.60,1.00
2010.06.11 15:08:48.552,9.6104,9.6121,1.00,1.00
2010.06.11 15:08:48.883,9.6106,9.6121,1.00,1.00
2010.06.11 15:08:49.052,9.6108,9.6121,1.00,1.00
2010.06.11 15:08:49.656,9.611,9.6121,1.00,1.00
2010.06.11 15:08:50.302,9.6112,9.6121,1.00,1.00
2010.06.11 15:08:50.620,9.6112,9.6122,1.00,1.00
2010.06.11 15:08:52.497,9.6112,9.61225,1.00,1.60
2010.06.11 15:08:52.733,9.6112,9.6128,1.00,1.00
2010.06.11 15:08:53.171,9.6098,9.6128,1.00,1.00
2010.06.11 15:08:53.391,9.6098,9.6126,1.00,1.00
2010.06.11 15:08:54.107,9.6108,9.6132,3.20,1.60
2010.06.11 15:08:54.412,9.6117,9.6141,2.40,1.00
2010.06.11 15:08:54.715,9.6121,9.6141,1.00,1.00
2010.06.11 15:08:55.700,9.6131,9.6141,1.00,1.00
2010.06.11 15:08:56.223,9.6117,9.6141,2.40,1.00
2010.06.11 15:09:01.625,9.6112,9.61405,1.00,1.00
2010.06.11 15:09:01.897,9.6112,9.61375,1.00,1.60
2010.06.11 15:09:03.906,9.61175,9.61375,1.60,1.60
2010.06.11 15:09:04.132,9.61175,9.61405,1.60,1.00
2010.06.11 15:09:04.680,9.6119,9.6149,2.40,1.00
2010.06.11 15:09:05.637,9.6119,9.6148,2.40,1.00
2010.06.11 15:09:09.088,9.61185,9.6148,1.00,1.00
2010.06.11 15:09:09.837,9.6118,9.6146,1.00,1.00
2010.06.11 15:09:11.749,9.61175,9.61425,1.60,1.60
2010.06.11 15:09:13.868,9.61175,9.6141,1.60,1.00
2010.06.11 15:09:14.216,9.61175,9.61425,1.60,1.60
2010.06.11 15:09:14.675,9.6118,9.6146,1.00,1.00
2010.06.11 15:09:15.034,9.61175,9.61415,1.60,1.60
2010.06.11 15:09:16.751,9.61175,9.614,1.60,1.00
2010.06.11 15:09:18.683,9.61175,9.6146,1.60,1.00
2010.06.11 15:09:19.034,9.6121,9.6146,1.00,1.00
2010.06.11 15:09:21.718,9.6121,9.6149,1.00,1.00
2010.06.11 15:09:21.966,9.61245,9.6149,1.00,1.00
2010.06.11 15:09:23.357,9.61215,9.6143,1.00,2.40
2010.06.11 15:09:26.621,9.61215,9.6141,1.00,2.40
2010.06.11 15:09:31.604,9.6121,9.6149,1.00,1.00
2010.06.11 15:09:32.999,9.6121,9.6148,1.00,1.00
2010.06.11 15:09:37.885,9.6121,9.61515,1.00,1.00
2010.06.11 15:09:38.175,9.613,9.61535,1.00,1.60
2010.06.11 15:09:38.464,9.6132,9.61535,1.00,1.60
2010.06.11 15:09:40.418,9.6135,9.6163,3.20,1.00
2010.06.11 15:09:41.189,9.61395,9.6169,1.00,1.00
2010.06.11 15:09:43.104,9.6139,9.6169,1.00,1.00
2010.06.11 15:09:53.656,9.6139,9.6168,1.00,1.00
2010.06.11 15:10:02.650,9.6139,9.6165,1.00,5.20
2010.06.11 15:10:02.947,9.61135,9.6152,2.40,1.60
2010.06.11 15:10:03.594,9.61135,9.6146,2.40,1.00
2010.06.11 15:10:04.548,9.61175,9.6141,2.40,1.00
2010.06.11 15:10:09.364,9.61175,9.614,2.40,1.00
2010.06.11 15:10:16.544,9.61175,9.614,1.60,1.00
2010.06.11 15:10:30.680,9.61175,9.6139,1.60,1.00
2010.06.11 15:10:35.204,9.61175,9.6136,1.60,2.40
2010.06.11 15:10:35.907,9.6108,9.6136,1.00,2.40
2010.06.11 15:10:38.946,9.61125,9.6138,1.00,2.40
2010.06.11 15:10:39.671,9.61145,9.6136,1.00,2.40
2010.06.11 15:11:01.624,9.61145,9.6136,1.00,2.50
2010.06.11 15:11:23.620,9.61145,9.6135,1.00,1.00
2010.06.11 15:11:25.166,9.61145,9.6135,1.00,5.30
2010.06.11 15:11:25.907,9.60985,9.6126,1.00,1.00
2010.06.11 15:11:27.161,9.61005,9.6124,1.00,1.00
2010.06.11 15:11:36.114,9.61005,9.6123,1.00,1.00
2010.06.11 15:11:41.883,9.61005,9.6122,1.00,1.00
2010.06.11 15:11:42.164,9.6098,9.6122,1.00,1.00
2010.06.11 15:11:42.453,9.6095,9.6122,1.00,1.00
2010.06.11 15:11:53.431,9.6092,9.6121,1.00,1.00
2010.06.11 15:11:56.832,9.6092,9.61035,1.00,1.00
2010.06.11 15:11:59.889,9.6092,9.6098,1.00,2.40
2010.06.11 15:12:00.006,9.60885,9.6098,1.00,2.40
2010.06.11 15:12:00.297,9.60885,9.6097,1.00,2.40
2010.06.11 15:12:01.037,9.60885,9.6096,1.00,2.40
2010.06.11 15:12:18.283,9.60885,9.61,1.00,2.40
2010.06.11 15:12:18.630,9.60885,9.6106,1.00,2.40
2010.06.11 15:12:29.821,9.6088,9.6111,1.00,2.40
2010.06.11 15:12:37.404,9.60875,9.6118,1.00,1.00
2010.06.11 15:12:37.753,9.6087,9.6113,1.00,2.40
2010.06.11 15:12:38.253,9.6087,9.6111,1.00,2.40
2010.06.11 15:12:48.061,9.6087,9.6105,1.00,5.20
2010.06.11 15:12:48.630,9.60585,9.6098,1.00,1.00
2010.06.11 15:12:50.789,9.60625,9.6097,1.00,1.00
2010.06.11 15:13:00.433,9.6062,9.6097,1.00,1.00
2010.06.11 15:13:11.137,9.60605,9.6091,1.00,1.00
2010.06.11 15:13:26.616,9.6036,9.6064,1.00,1.00
2010.06.11 15:13:26.934,9.60305,9.6064,1.00,1.00
2010.06.11 15:13:27.564,9.6029,9.6062,1.00,1.00
2010.06.11 15:13:27.810,9.6033,9.6055,1.00,1.00
2010.06.11 15:13:29.079,9.6033,9.6051,1.00,1.00
2010.06.11 15:13:30.354,9.60345,9.6058,1.00,1.00
2010.06.11 15:13:31.063,9.60445,9.6065,2.40,1.00
2010.06.11 15:13:31.219,9.6047,9.6067,2.40,1.00
2010.06.11 15:13:52.012,9.6037,9.60695,3.20,1.00
2010.06.11 15:14:20.554,9.604,9.60705,1.00,1.00
2010.06.11 15:14:21.702,9.60465,9.60705,2.40,1.00
2010.06.11 15:14:21.995,9.6049,9.60715,2.40,1.00
2010.06.11 15:14:41.095,9.6031,9.606,1.00,1.00
2010.06.11 15:14:41.546,9.6031,9.606,1.00,1.00
2010.06.11 15:14:41.885,9.6023,9.6042,2.40,2.40
2010.06.11 15:14:42.508,9.6012,9.604,1.00,1.00
2010.06.11 15:14:43.573,9.6013,9.6038,1.00,1.00
2010.06.11 15:14:43.925,9.6011,9.6038,1.00,1.00
2010.06.11 15:14:44.278,9.60125,9.6053,1.00,1.00
2010.06.11 15:14:44.946,9.60125,9.6053,1.00,1.00
2010.06.11 15:14:45.440,9.60125,9.6051,1.00,1.00
2010.06.11 15:14:46.288,9.60125,9.6051,1.00,1.00
2010.06.11 15:14:47.016,9.60125,9.6051,1.00,1.00
2010.06.11 15:14:47.299,9.60125,9.6051,1.00,1.00
2010.06.11 15:14:49.745,9.60125,9.6049,1.00,1.00
2010.06.11 15:14:51.411,9.60135,9.6049,1.00,1.00
2010.06.11 15:14:51.646,9.60175,9.6043,1.60,1.00
2010.06.11 15:14:51.876,9.6019,9.6045,2.40,1.00
2010.06.11 15:14:52.644,9.6019,9.6044,2.40,1.00
2010.06.11 15:14:52.796,9.6019,9.6044,2.40,1.00
2010.06.11 15:14:53.610,9.60175,9.60345,1.60,1.60
2010.06.11 15:14:56.090,9.6019,9.6038,3.20,1.00
2010.06.11 15:14:56.440,9.6019,9.60545,3.20,1.60
2010.06.11 15:14:56.961,9.6019,9.6053,3.20,1.00
2010.06.11 15:14:57.319,9.6019,9.6052,3.30,1.00
2010.06.11 15:14:57.670,9.6021,9.6052,1.00,1.00
2010.06.11 15:14:58.391,9.6019,9.60495,3.30,1.00
2010.06.11 15:14:59.074,9.6019,9.6048,3.20,1.00
2010.06.11 15:14:59.609,9.6021,9.60495,1.00,1.00
2010.06.11 15:14:59.849,9.6019,9.60495,3.30,1.00
2010.06.11 15:15:01.257,9.6021,9.60495,1.00,1.00
2010.06.11 15:15:01.893,9.6037,9.60495,1.20,1.00
2010.06.11 15:15:02.171,9.6025,9.60575,1.00,2.30
2010.06.11 15:15:02.523,9.6037,9.60605,2.40,1.60
2010.06.11 15:15:02.979,9.6041,9.6061,2.40,1.50
2010.06.11 15:15:03.335,9.6044,9.6061,2.40,1.00
2010.06.11 15:15:08.713,9.6057,9.60875,2.40,1.00
2010.06.11 15:15:19.857,9.60565,9.60835,2.40,1.00
2010.06.11 15:15:20.138,9.6042,9.6082,2.40,1.00
2010.06.11 15:15:28.568,9.6051,9.60815,1.00,1.00
2010.06.11 15:17:52.479,9.6051,9.6078,1.00,1.00
2010.06.11 15:17:52.734,9.60455,9.60755,1.00,1.00
2010.06.11 15:18:29.226,9.6045,9.6075,2.40,1.00
2010.06.11 15:18:29.512,9.60445,9.6075,1.00,1.00
2010.06.11 15:18:34.915,9.60445,9.6072,1.00,1.00
2010.06.11 15:18:35.164,9.6041,9.60695,2.40,1.00
2010.06.11 15:18:39.892,9.60385,9.6069,1.00,1.00
2010.06.11 15:18:50.142,9.6053,9.6083,1.00,2.40
2010.06.11 15:19:11.978,9.6053,9.6083,1.00,1.00
2010.06.11 15:19:12.714,9.6049,9.60795,1.00,1.00
2010.06.11 15:19:15.678,9.6049,9.60795,1.60,1.00
2010.06.11 15:19:16.030,9.6045,9.60755,1.00,1.00
2010.06.11 15:19:19.344,9.6047,9.60775,1.00,1.00
2010.06.11 15:19:20.287,9.6051,9.6079,2.40,1.00
2010.06.11 15:19:38.755,9.605,9.60805,1.00,1.00
2010.06.11 15:20:12.029,9.6046,9.60765,1.00,1.00
2010.06.11 15:20:22.432,9.6046,9.6075,1.00,1.00
2010.06.11 15:20:25.035,9.6046,9.60765,1.00,1.00
2010.06.11 15:20:28.401,9.6046,9.6075,1.00,1.00
2010.06.11 15:20:28.612,9.6046,9.60765,1.00,1.00
2010.06.11 15:20:34.343,9.6046,9.6075,1.00,1.00
2010.06.11 15:20:38.065,9.6046,9.6073,1.00,1.00
2010.06.11 15:20:40.874,9.6044,9.607,2.40,1.00
2010.06.11 15:20:41.148,9.60395,9.607,1.00,1.00
2010.06.11 15:20:44.333,9.60395,9.60685,1.00,1.00
2010.06.11 15:20:44.567,9.60265,9.6059,1.00,1.00
2010.06.11 15:20:45.228,9.60335,9.60615,1.00,1.00
2010.06.11 15:20:45.464,9.6034,9.6066,2.40,1.00
2010.06.11 15:20:45.728,9.60365,9.6067,1.00,1.00
2010.06.11 15:21:02.313,9.60365,9.60655,1.00,1.00
2010.06.11 15:21:02.395,9.60325,9.6063,1.00,1.00
2010.06.11 15:21:05.445,9.6019,9.60425,2.40,1.00
2010.06.11 15:21:05.615,9.60185,9.6039,1.00,1.00
2010.06.11 15:21:05.783,9.60165,9.6039,2.40,1.00
2010.06.11 15:21:05.944,9.6006,9.6039,1.00,1.00
2010.06.11 15:21:06.107,9.60055,9.6039,1.00,1.00
2010.06.11 15:21:06.969,9.6009,9.6035,1.00,1.00
2010.06.11 15:21:07.943,9.6005,9.60345,1.00,1.00
2010.06.11 15:21:08.292,9.6004,9.6034,1.00,1.00
2010.06.11 15:21:09.926,9.6004,9.603,1.00,1.00
2010.06.11 15:21:11.075,9.6004,9.6034,1.00,1.00
2010.06.11 15:21:11.391,9.6003,9.6033,1.00,1.00
2010.06.11 15:21:13.237,9.6011,9.6033,1.00,1.00
2010.06.11 15:21:13.434,9.6011,9.60355,1.00,1.00
2010.06.11 15:21:14.142,9.6009,9.6036,1.00,1.00
2010.06.11 15:21:15.586,9.6011,9.60325,1.00,1.60
2010.06.11 15:21:17.910,9.6013,9.60325,1.00,1.60
2010.06.11 15:21:18.268,9.6011,9.60325,1.00,1.60
2010.06.11 15:21:23.027,9.6009,9.60325,1.00,1.60
2010.06.11 15:21:23.607,9.6011,9.60325,1.00,1.60
2010.06.11 15:21:25.057,9.6012,9.60325,1.00,1.60
2010.06.11 15:21:31.483,9.602,9.60445,1.00,1.00
2010.06.11 15:21:31.742,9.60145,9.60465,2.40,1.00
2010.06.11 15:21:32.493,9.6021,9.60465,2.40,1.00
2010.06.11 15:21:33.775,9.6031,9.6052,2.40,1.00
2010.06.11 15:22:33.860,9.603,9.6052,2.40,1.00
2010.06.11 15:22:46.465,9.6029,9.60525,2.40,1.00
2010.06.11 15:23:17.301,9.6037,9.607,2.40,1.00
2010.06.11 15:23:17.477,9.6035,9.60695,1.00,1.00
2010.06.11 15:23:25.018,9.60385,9.6069,1.00,1.00
2010.06.11 15:23:28.865,9.6045,9.6069,2.40,1.00
2010.06.11 15:23:29.524,9.6048,9.60755,2.40,1.00
2010.06.11 15:23:56.073,9.6058,9.6077,2.40,1.00
2010.06.11 15:23:56.290,9.606,9.6077,2.40,1.00
2010.06.11 15:24:02.347,9.6062,9.6078,2.40,1.00
2010.06.11 15:24:02.582,9.6058,9.6078,2.40,1.00
2010.06.11 15:25:02.473,9.6054,9.6078,2.40,1.00
2010.06.11 15:26:33.035,9.6042,9.60615,1.00,1.00
2010.06.11 15:26:39.464,9.6044,9.60575,1.00,1.00
2010.06.11 15:26:39.594,9.6044,9.6056,1.00,1.00
2010.06.11 15:26:43.187,9.6044,9.60555,1.00,1.00
2010.06.11 15:26:52.847,9.6044,9.60595,1.00,1.00
2010.06.11 15:27:02.497,9.6044,9.6047,1.00,2.40
2010.06.11 15:27:02.745,9.60015,9.6047,1.00,2.40
2010.06.11 15:27:05.283,9.60055,9.6045,1.00,4.80
2010.06.11 15:27:05.573,9.60055,9.6041,1.00,2.40
2010.06.11 15:27:12.789,9.60005,9.6041,1.00,2.40
2010.06.11 15:27:18.595,9.60005,9.6037,1.00,5.20
2010.06.11 15:27:19.197,9.59935,9.60215,2.40,1.00
2010.06.11 15:27:19.417,9.5989,9.60215,1.00,1.00
2010.06.11 15:27:35.491,9.5986,9.6015,1.00,1.00
2010.06.11 15:27:35.843,9.59845,9.6015,1.00,1.00
2010.06.11 15:27:52.556,9.5985,9.6015,1.00,1.00
2010.06.11 15:27:52.813,9.59845,9.6015,1.00,1.00
2010.06.11 15:28:30.129,9.5986,9.6015,1.00,1.00
2010.06.11 15:28:35.199,9.5987,9.6015,1.00,1.00
2010.06.11 15:28:42.932,9.5989,9.6015,1.00,1.00
2010.06.11 15:28:43.852,9.5991,9.6015,1.00,1.00
2010.06.11 15:28:45.427,9.5989,9.6015,1.00,1.00
2010.06.11 15:28:46.475,9.5991,9.6015,1.00,1.00
2010.06.11 15:28:50.195,9.5992,9.6015,1.00,1.00
2010.06.11 15:28:52.487,9.5991,9.6015,1.00,1.00
2010.06.11 15:28:52.834,9.5992,9.6015,1.00,1.00
2010.06.11 15:28:54.273,9.59875,9.6018,1.00,1.00
2010.06.11 15:28:54.488,9.5989,9.6018,1.00,1.00
2010.06.11 15:28:55.457,9.5988,9.6018,1.00,1.00
2010.06.11 15:28:57.735,9.599,9.6018,1.00,1.00
2010.06.11 15:28:58.374,9.5988,9.6018,1.00,1.00
2010.06.11 15:29:04.754,9.599,9.6018,1.00,1.00
2010.06.11 15:29:08.924,9.5988,9.6018,1.00,1.00
2010.06.11 15:29:09.519,9.599,9.6018,1.00,1.00
2010.06.11 15:29:14.223,9.5988,9.6018,1.00,1.00
2010.06.11 15:29:15.065,9.599,9.6018,1.00,1.00
2010.06.11 15:29:16.126,9.5991,9.6018,1.00,1.00
2010.06.11 15:29:24.029,9.5989,9.6018,1.00,1.00
2010.06.11 15:29:25.148,9.5991,9.6018,1.00,1.00
2010.06.11 15:29:31.582,9.5992,9.6018,1.00,1.00
2010.06.11 15:29:33.109,9.5991,9.6018,1.00,1.00
2010.06.11 15:29:38.630,9.5993,9.6018,1.00,1.00
2010.06.11 15:29:41.367,9.5992,9.6018,1.00,1.00
2010.06.11 15:29:42.407,9.5993,9.6018,1.00,1.00
2010.06.11 15:29:43.557,9.5992,9.6018,1.00,1.00
2010.06.11 15:29:43.753,9.5993,9.6018,1.00,1.00
2010.06.11 15:29:44.196,9.5992,9.6018,1.00,1.00
2010.06.11 15:29:44.780,9.5993,9.6018,1.00,1.00
2010.06.11 15:30:11.354,9.5992,9.6018,1.00,1.00
2010.06.11 15:30:13.116,9.599,9.6018,1.00,1.00
2010.06.11 15:30:16.395,9.5992,9.6018,1.00,1.00
2010.06.11 15:30:16.966,9.5993,9.6018,1.00,1.00
2010.06.11 15:30:17.323,9.5992,9.6018,1.00,1.00
2010.06.11 15:30:18.095,9.5993,9.6018,1.00,1.00
2010.06.11 15:30:19.899,9.5992,9.6018,1.00,1.00
2010.06.11 15:30:25.500,9.5993,9.6018,1.00,1.00
2010.06.11 15:30:25.726,9.5992,9.6018,1.00,1.00
2010.06.11 15:30:26.535,9.5993,9.6018,1.00,1.00
2010.06.11 15:30:30.524,9.5992,9.6018,1.00,1.00
2010.06.11 15:30:30.887,9.599,9.6018,1.00,1.00
2010.06.11 15:30:31.709,9.5988,9.6018,1.00,1.00
2010.06.11 15:30:33.351,9.599,9.6018,1.00,1.00
2010.06.11 15:30:33.692,9.5988,9.6018,1.00,1.00
2010.06.11 15:30:33.923,9.599,9.6018,1.00,1.00
2010.06.11 15:30:35.047,9.5988,9.6018,1.00,1.00
2010.06.11 15:30:39.566,9.599,9.6018,1.00,1.00
2010.06.11 15:30:42.552,9.5992,9.6018,1.00,1.00
2010.06.11 15:30:42.849,9.599,9.6018,1.00,1.00
2010.06.11 15:30:45.140,9.5988,9.6018,1.00,1.00
2010.06.11 15:30:45.423,9.59875,9.6018,1.00,1.00
2010.06.11 15:30:46.193,9.59935,9.60235,1.00,1.00
2010.06.11 15:30:50.644,9.5991,9.6017,1.00,1.00
2010.06.11 15:30:50.996,9.59865,9.6017,1.00,1.00
2010.06.11 15:30:51.995,9.5988,9.6017,1.00,1.00
2010.06.11 15:30:53.373,9.59905,9.60175,1.00,1.60
2010.06.11 15:30:53.691,9.59905,9.6021,1.00,1.00
2010.06.11 15:31:52.095,9.5999,9.6021,1.00,1.00
2010.06.11 15:31:52.417,9.60015,9.6036,1.00,1.00
2010.06.11 15:32:26.285,9.60035,9.6022,1.00,2.40
2010.06.11 15:32:26.425,9.59855,9.602,1.00,1.00
2010.06.11 15:32:30.684,9.5987,9.6017,1.00,1.00
2010.06.11 15:32:32.114,9.5985,9.6015,1.00,1.00
2010.06.11 15:32:38.874,9.5979,9.60015,2.40,1.00
2010.06.11 15:32:39.014,9.5975,9.60015,2.40,1.00
2010.06.11 15:32:39.155,9.5969,9.60015,1.00,1.00
2010.06.11 15:32:45.020,9.5969,9.5999,1.00,2.40
2010.06.11 15:32:45.099,9.59595,9.599,1.00,1.00
2010.06.11 15:32:46.785,9.5966,9.5989,2.40,1.00
2010.06.11 15:32:46.945,9.5966,9.5995,2.40,1.00
2010.06.11 15:32:51.609,9.59755,9.5995,1.00,1.00
2010.06.11 15:32:51.698,9.5978,9.601,1.00,1.00
2010.06.11 15:32:52.386,9.5978,9.60105,1.00,1.00
2010.06.11 15:32:55.627,9.596,9.59935,1.00,1.00
2010.06.11 15:32:55.856,9.5959,9.59935,1.00,1.00
2010.06.11 15:33:02.551,9.59695,9.6,1.00,1.00
2010.06.11 15:33:44.538,9.5979,9.6,2.40,1.00
2010.06.11 15:33:44.694,9.5979,9.6003,3.20,1.00
2010.06.11 15:33:47.450,9.5979,9.6005,3.20,1.00
2010.06.11 15:33:51.282,9.5979,9.6003,3.20,1.00
2010.06.11 15:33:54.213,9.5979,9.6009,3.20,1.00
2010.06.11 15:33:54.396,9.5985,9.6011,1.00,1.00
2010.06.11 15:33:54.575,9.5985,9.6014,1.00,1.00
2010.06.11 15:33:59.905,9.5984,9.6012,2.40,1.00
2010.06.11 15:34:00.134,9.5982,9.6012,1.00,1.00
2010.06.11 15:34:01.548,9.5982,9.6009,1.00,1.00
2010.06.11 15:34:02.908,9.5982,9.6005,1.00,1.00
2010.06.11 15:34:03.098,9.5982,9.6003,1.00,1.00
2010.06.11 15:34:14.108,9.5982,9.6005,1.00,1.00
2010.06.11 15:34:14.456,9.5982,9.6009,1.00,1.00
2010.06.11 15:34:15.366,9.5982,9.6005,1.00,1.00
2010.06.11 15:34:22.093,9.5982,9.6004,1.00,1.00
2010.06.11 15:34:23.018,9.59955,9.6005,1.60,1.00
2010.06.11 15:34:32.614,9.5992,9.6008,1.00,1.00
2010.06.11 15:34:33.083,9.5992,9.6004,1.00,1.00
2010.06.11 15:34:33.354,9.59795,9.6006,1.00,1.00
2010.06.11 15:34:34.018,9.59795,9.6003,1.00,1.00
2010.06.11 15:34:36.754,9.59815,9.6001,1.00,1.00
2010.06.11 15:34:38.868,9.59815,9.6,1.00,1.00
2010.06.11 15:34:39.756,9.59815,9.6009,1.00,1.00
2010.06.11 15:34:40.102,9.59745,9.60045,1.00,1.00
2010.06.11 15:34:41.178,9.59745,9.6004,1.00,1.00
2010.06.11 15:34:43.250,9.5961,9.59955,1.00,1.00
2010.06.11 15:34:44.895,9.5972,9.5989,2.40,1.00
2010.06.11 15:34:45.950,9.5974,9.5988,2.40,1.00
2010.06.11 15:34:46.165,9.5974,9.5989,2.40,1.00
2010.06.11 15:34:46.606,9.5974,9.5992,2.40,1.00
2010.06.11 15:34:47.481,9.59615,9.5994,1.00,1.00
2010.06.11 15:34:47.831,9.59615,9.5992,1.00,1.00
2010.06.11 15:34:48.609,9.59635,9.5994,1.00,1.00
2010.06.11 15:34:48.972,9.59635,9.5991,1.00,1.00
2010.06.11 15:34:50.849,9.59635,9.5989,1.00,1.00
2010.06.11 15:34:51.910,9.59635,9.5991,1.00,1.00
2010.06.11 15:34:52.178,9.59635,9.5994,1.00,1.00
2010.06.11 15:34:54.305,9.59635,9.5991,1.00,1.00
2010.06.11 15:34:55.696,9.59635,9.5994,1.00,1.00
2010.06.11 15:34:57.759,9.59635,9.5994,1.00,1.00
2010.06.11 15:34:59.283,9.59635,9.599,1.00,1.00
2010.06.11 15:34:59.751,9.59635,9.5988,1.00,1.00
2010.06.11 15:35:00.516,9.59635,9.599,1.00,1.00
2010.06.11 15:35:00.866,9.59635,9.5988,1.00,1.00
2010.06.11 15:35:01.720,9.59635,9.599,1.00,1.00
2010.06.11 15:35:02.596,9.5964,9.5988,2.40,1.00
2010.06.11 15:35:03.168,9.5965,9.5988,1.00,1.00
2010.06.11 15:35:04.097,9.5965,9.599,1.00,1.00
2010.06.11 15:35:09.342,9.5965,9.5988,1.00,1.00
2010.06.11 15:35:09.548,9.5965,9.599,1.00,1.00
2010.06.11 15:35:09.749,9.5965,9.5994,1.00,1.00
2010.06.11 15:35:10.712,9.5965,9.599,1.00,1.00
2010.06.11 15:35:12.446,9.5965,9.5994,1.00,1.00
2010.06.11 15:35:13.570,9.5965,9.599,1.00,1.00
2010.06.11 15:35:13.917,9.5965,9.5994,1.00,1.00
2010.06.11 15:35:15.457,9.5965,9.599,1.00,1.00
2010.06.11 15:35:17.464,9.5965,9.5994,1.00,1.00
2010.06.11 15:35:23.848,9.5965,9.5993,1.00,1.00
2010.06.11 15:35:33.993,9.5965,9.5995,1.00,1.00
2010.06.11 15:35:35.827,9.5965,9.59955,1.00,1.00
2010.06.11 15:35:36.177,9.5965,9.5995,1.00,1.00
2010.06.11 15:35:41.048,9.5965,9.5993,1.00,1.00
2010.06.11 15:35:45.991,9.5965,9.5992,1.00,1.00
2010.06.11 15:35:47.345,9.5965,9.5994,1.00,1.00
2010.06.11 15:35:48.871,9.5965,9.59955,1.00,1.00
2010.06.11 15:35:49.097,9.5965,9.5994,1.00,1.00
2010.06.11 15:35:49.443,9.5965,9.59955,1.00,1.00
2010.06.11 15:35:57.456,9.5965,9.5994,1.00,1.00
2010.06.11 15:35:57.805,9.5965,9.59955,1.00,1.00
2010.06.11 15:36:02.474,9.5965,9.5994,1.00,1.00
2010.06.11 15:36:02.802,9.5965,9.59955,1.00,1.00
2010.06.11 15:36:07.475,9.5965,9.5994,1.00,1.00
2010.06.11 15:36:08.292,9.5965,9.5992,1.00,1.00
2010.06.11 15:36:09.515,9.5965,9.5994,1.00,1.00
2010.06.11 15:36:10.415,9.5965,9.5992,1.00,1.00
2010.06.11 15:36:25.152,9.5965,9.5988,1.00,1.00
2010.06.11 15:36:25.663,9.5965,9.5986,1.00,1.00
2010.06.11 15:36:27.214,9.5965,9.5988,1.00,1.00
2010.06.11 15:36:27.502,9.5965,9.5986,1.00,1.00
2010.06.11 15:36:29.462,9.5965,9.5988,1.00,1.00
2010.06.11 15:36:35.538,9.5965,9.5986,1.00,1.00
2010.06.11 15:36:35.827,9.5965,9.5988,1.00,1.00
2010.06.11 15:36:36.434,9.5965,9.5992,1.00,1.00
2010.06.11 15:36:49.300,9.5965,9.5988,1.00,1.00
2010.06.11 15:36:50.264,9.5965,9.5992,1.00,1.00
2010.06.11 15:36:52.388,9.5965,9.5988,1.00,1.00
2010.06.11 15:36:55.461,9.5965,9.5992,1.00,1.00
2010.06.11 15:37:06.144,9.5965,9.5988,1.00,1.00
2010.06.11 15:37:07.117,9.5965,9.5992,1.00,1.00
2010.06.11 15:37:08.591,9.5965,9.5988,1.00,1.00
2010.06.11 15:37:08.774,9.5965,9.5988,1.00,1.00
2010.06.11 15:37:09.207,9.5965,9.5992,1.00,1.00
2010.06.11 15:37:09.556,9.5965,9.5988,1.00,1.00
2010.06.11 15:37:11.773,9.5965,9.5986,1.00,1.00
2010.06.11 15:37:28.807,9.5965,9.5988,1.00,1.00
2010.06.11 15:37:33.202,9.5965,9.5986,1.00,1.00
2010.06.11 15:37:34.583,9.5965,9.5988,1.00,1.00
2010.06.11 15:37:41.703,9.5965,9.5992,1.00,1.00
2010.06.11 15:37:56.459,9.5965,9.5988,1.00,1.00
2010.06.11 15:37:57.047,9.5965,9.5986,1.00,1.00
2010.06.11 15:37:57.626,9.5965,9.5988,1.00,1.00
2010.06.11 15:37:59.246,9.5965,9.5992,1.00,1.00
2010.06.11 15:38:00.914,9.5965,9.5988,1.00,1.00
2010.06.11 15:38:03.396,9.5965,9.5992,1.00,1.00
2010.06.11 15:38:07.113,9.5965,9.59955,1.00,1.00
2010.06.11 15:38:07.223,9.59705,9.6,1.00,1.00
2010.06.11 15:38:07.333,9.5971,9.6,2.40,1.00
2010.06.11 15:38:07.556,9.5971,9.6001,2.40,1.00
2010.06.11 15:38:10.155,9.5971,9.6001,2.40,1.00
2010.06.11 15:38:10.364,9.59715,9.6001,1.00,1.00
2010.06.11 15:38:13.837,9.59715,9.60015,1.00,1.00
2010.06.11 15:38:14.562,9.5966,9.59965,1.00,1.00
2010.06.11 15:38:15.570,9.5966,9.5994,1.00,1.00
2010.06.11 15:38:20.306,9.5966,9.599,1.00,1.00
2010.06.11 15:38:20.616,9.5966,9.5994,1.00,1.00
2010.06.11 15:38:34.641,9.5966,9.5996,1.00,1.00
2010.06.11 15:38:35.863,9.5966,9.5995,1.00,1.00
2010.06.11 15:38:36.888,9.5966,9.5993,1.00,1.00
2010.06.11 15:38:38.658,9.5966,9.5989,1.00,1.00
2010.06.11 15:38:40.154,9.5966,9.5993,1.00,1.00
2010.06.11 15:38:40.453,9.5966,9.5993,1.00,1.00
2010.06.11 15:38:41.111,9.5966,9.5993,1.00,1.00
2010.06.11 15:38:42.315,9.5966,9.5989,1.00,1.00
2010.06.11 15:38:43.092,9.5966,9.5993,1.00,1.00
2010.06.11 15:38:44.795,9.5966,9.5989,1.00,1.00
2010.06.11 15:38:45.140,9.5966,9.5993,1.00,1.00
2010.06.11 15:38:48.001,9.5966,9.5989,1.00,1.00
2010.06.11 15:38:53.437,9.5966,9.5993,1.00,1.00
2010.06.11 15:38:57.794,9.5966,9.5992,1.00,1.00
2010.06.11 15:38:58.265,9.5975,9.6001,1.00,1.00
2010.06.11 15:38:58.593,9.5975,9.6007,1.00,1.00
2010.06.11 15:39:02.007,9.5977,9.6007,1.00,1.00
2010.06.11 15:39:04.548,9.5977,9.6007,1.00,1.00
2010.06.11 15:39:08.514,9.5977,9.6006,1.00,1.00
2010.06.11 15:39:11.678,9.5977,9.6007,1.00,1.00
2010.06.11 15:39:18.058,9.5977,9.6006,1.00,1.00
2010.06.11 15:39:19.937,9.5977,9.6002,1.00,1.00
2010.06.11 15:39:21.174,9.5977,9.6006,1.00,1.00
2010.06.11 15:39:30.655,9.5977,9.6005,1.00,1.00
2010.06.11 15:39:37.545,9.5977,9.6007,1.00,1.00
2010.06.11 15:39:44.338,9.5977,9.6007,1.00,1.00
2010.06.11 15:39:46.110,9.5977,9.6007,1.00,1.00
2010.06.11 15:39:55.509,9.5977,9.6006,1.00,1.00
2010.06.11 15:39:57.854,9.5977,9.6004,1.00,1.00
2010.06.11 15:39:58.826,9.59775,9.60075,1.00,1.00
2010.06.11 15:40:15.252,9.5973,9.60035,1.00,1.00
2010.06.11 15:40:15.509,9.5974,9.60045,1.00,1.00
2010.06.11 15:40:26.987,9.59675,9.5998,1.00,1.00
2010.06.11 15:40:59.073,9.59685,9.59985,1.00,1.00
2010.06.11 15:41:01.557,9.59655,9.5996,1.00,1.00
2010.06.11 15:41:04.537,9.59665,9.59965,1.00,1.00
2010.06.11 15:41:07.711,9.5965,9.59955,1.00,1.00
2010.06.11 15:41:09.987,9.5966,9.59955,2.40,1.00
2010.06.11 15:41:10.714,9.59665,9.5997,1.00,1.00
2010.06.11 15:41:13.645,9.5965,9.59955,1.00,1.00
2010.06.11 15:41:16.007,9.5966,9.59955,2.40,1.00
2010.06.11 15:41:16.497,9.59665,9.5997,1.00,1.00
2010.06.11 15:41:19.176,9.59645,9.5995,1.00,1.00
2010.06.11 15:41:21.955,9.5967,9.5997,1.00,1.00
2010.06.11 15:41:25.127,9.5965,9.5995,1.00,1.00
2010.06.11 15:41:27.991,9.5967,9.59975,1.00,1.00
2010.06.11 15:41:41.285,9.59635,9.59935,1.00,1.00
2010.06.11 15:41:53.577,9.5981,9.59975,1.00,1.00
2010.06.11 15:41:53.848,9.5983,9.5993,1.00,1.00
2010.06.11 15:41:54.556,9.5959,9.5993,1.00,1.00
2010.06.11 15:41:55.668,9.59665,9.59955,1.00,1.00
2010.06.11 15:41:55.806,9.59665,9.59965,1.00,1.00
2010.06.11 15:43:34.050,9.59785,9.6013,1.00,1.00
2010.06.11 15:44:19.373,9.5966,9.5996,2.40,1.00
2010.06.11 15:44:19.588,9.59615,9.5996,1.00,1.00
2010.06.11 15:44:26.717,9.5969,9.5999,1.00,1.00
2010.06.11 15:45:21.456,9.5969,9.5999,1.00,1.00
2010.06.11 15:45:21.844,9.5969,9.5999,1.00,1.00
2010.06.11 15:45:22.935,9.5969,9.5999,1.00,1.00
2010.06.11 15:45:28.264,9.5969,9.5999,1.00,1.00
2010.06.11 15:45:46.038,9.5969,9.5999,1.00,1.00
2010.06.11 15:45:46.353,9.5969,9.5999,1.00,1.00
2010.06.11 15:48:01.116,9.59675,9.59925,1.00,1.60
2010.06.11 15:48:01.672,9.59675,9.5992,1.00,1.00
2010.06.11 15:48:02.467,9.59675,9.599,1.00,1.00
2010.06.11 15:48:04.650,9.59675,9.5989,1.00,1.00
2010.06.11 15:48:09.015,9.59675,9.5991,1.00,1.00
2010.06.11 15:48:09.264,9.59675,9.59925,1.00,1.60
2010.06.11 15:48:11.948,9.59675,9.5991,1.00,1.00
2010.06.11 15:48:12.177,9.59675,9.5989,1.00,1.00
2010.06.11 15:48:12.680,9.59675,9.5991,1.00,1.00
2010.06.11 15:48:13.410,9.59675,9.5989,1.00,1.00
2010.06.11 15:48:14.904,9.59675,9.5991,1.00,1.00
2010.06.11 15:48:15.146,9.59605,9.59905,1.00,1.00
2010.06.11 15:48:28.234,9.5962,9.59905,1.00,1.00
2010.06.11 15:48:34.056,9.59605,9.59905,1.00,1.00
2010.06.11 15:48:37.194,9.5962,9.59905,1.00,1.00
2010.06.11 15:48:41.286,9.59605,9.59905,1.00,1.00
2010.06.11 15:48:48.212,9.5962,9.59905,1.00,1.00
2010.06.11 15:48:48.559,9.59605,9.59905,1.00,1.00
2010.06.11 15:50:18.427,9.59605,9.5989,1.00,1.00
2010.06.11 15:50:18.645,9.59605,9.59905,1.00,1.00
2010.06.11 15:50:22.897,9.59605,9.5989,1.00,1.00
2010.06.11 15:50:25.788,9.59605,9.5987,1.00,1.00
2010.06.11 15:50:27.146,9.59605,9.5985,1.00,1.00
2010.06.11 15:50:58.509,9.59605,9.5983,1.00,1.00
2010.06.11 15:51:00.884,9.59605,9.5985,1.00,1.00
2010.06.11 15:51:05.888,9.59605,9.5983,1.00,1.00
2010.06.11 15:51:06.544,9.59605,9.5985,1.00,1.00
2010.06.11 15:51:15.693,9.59605,9.5983,1.00,1.00
2010.06.11 15:51:29.462,9.59605,9.5985,1.00,1.00
2010.06.11 15:51:30.654,9.59605,9.5987,1.00,1.00
2010.06.11 15:51:32.119,9.59605,9.5985,1.00,1.00
2010.06.11 15:51:33.258,9.59605,9.5987,1.00,1.00
2010.06.11 15:51:33.945,9.59605,9.5985,1.00,1.00
2010.06.11 15:51:34.401,9.59605,9.5987,1.00,1.00
2010.06.11 15:51:36.428,9.59605,9.5985,1.00,1.00
2010.06.11 15:51:42.091,9.59605,9.5987,1.00,1.00
2010.06.11 15:51:42.439,9.59605,9.5985,1.00,1.00
2010.06.11 15:51:42.968,9.59605,9.5987,1.00,1.00
2010.06.11 15:51:43.968,9.59605,9.5985,1.00,1.00
2010.06.11 15:51:45.179,9.59605,9.5983,1.00,1.00
2010.06.11 15:51:45.754,9.59605,9.5985,1.00,1.00
2010.06.11 15:51:46.886,9.59605,9.5983,1.00,1.00
2010.06.11 15:51:47.225,9.59605,9.5985,1.00,1.00
2010.06.11 15:51:48.238,9.59605,9.5987,1.00,1.00
2010.06.11 15:51:49.339,9.59605,9.5985,1.00,1.00
2010.06.11 15:51:49.606,9.59605,9.5983,1.00,1.00
2010.06.11 15:51:51.325,9.59605,9.5985,1.00,1.00
2010.06.11 15:51:58.070,9.59605,9.5987,1.00,1.00
2010.06.11 15:51:58.685,9.59605,9.5989,1.00,1.00
2010.06.11 15:51:58.909,9.59605,9.5987,1.00,1.00
2010.06.11 15:52:06.512,9.59605,9.5989,1.00,1.00
2010.06.11 15:52:09.367,9.59605,9.5987,1.00,1.00
2010.06.11 15:52:10.795,9.59605,9.5987,1.00,2.50
2010.06.11 15:52:13.268,9.59605,9.5987,1.00,1.00
2010.06.11 15:52:23.108,9.59605,9.5989,1.00,1.00
2010.06.11 15:52:23.415,9.59605,9.5989,1.00,1.00
2010.06.11 15:52:24.348,9.59605,9.5987,1.00,1.00
2010.06.11 15:52:24.680,9.59605,9.5989,1.00,1.00
2010.06.11 15:52:25.609,9.59605,9.5987,1.00,1.00
2010.06.11 15:52:26.851,9.59605,9.5989,1.00,1.00
2010.06.11 15:52:29.715,9.59605,9.5987,1.00,1.00
2010.06.11 15:52:35.841,9.59605,9.5989,1.00,1.00
2010.06.11 15:52:36.987,9.59605,9.5987,1.00,1.00
2010.06.11 15:52:37.324,9.59605,9.5989,1.00,1.00
2010.06.11 15:52:38.000,9.59605,9.5987,1.00,1.00
2010.06.11 15:52:38.119,9.59605,9.5989,1.00,1.00
2010.06.11 15:52:39.588,9.59605,9.5987,1.00,1.00
2010.06.11 15:52:42.201,9.59605,9.5989,1.00,1.00
2010.06.11 15:52:43.625,9.59605,9.59905,1.00,1.00
2010.06.11 15:52:45.755,9.59605,9.5989,1.00,1.00
2010.06.11 15:52:55.524,9.59605,9.59905,1.00,1.00
2010.06.11 15:53:02.000,9.59605,9.5989,1.00,1.00
2010.06.11 15:53:03.826,9.59605,9.5983,1.00,1.00
2010.06.11 15:53:05.348,9.59605,9.5985,1.00,1.00
2010.06.11 15:53:07.927,9.59605,9.5979,1.00,1.00
2010.06.11 15:53:08.097,9.5964,9.5979,1.00,1.00
2010.06.11 15:53:11.116,9.59615,9.5983,1.00,1.00
2010.06.11 15:53:11.387,9.5959,9.5983,1.00,1.00
2010.06.11 15:53:12.685,9.5959,9.5985,1.00,1.00
2010.06.11 15:53:18.985,9.5959,9.59895,1.00,1.00
2010.06.11 15:53:19.054,9.5959,9.59825,1.00,1.00
2010.06.11 15:53:19.197,9.5951,9.59815,1.00,1.00
2010.06.11 15:53:19.644,9.5951,9.59725,1.00,1.60
2010.06.11 15:53:20.606,9.59485,9.59725,1.00,1.60
2010.06.11 15:53:27.073,9.59485,9.5972,1.00,1.00
2010.06.11 15:53:28.756,9.59485,9.597,1.00,1.00
2010.06.11 15:53:38.413,9.59485,9.5972,1.00,1.00
2010.06.11 15:53:38.805,9.59475,9.5972,2.40,1.00
2010.06.11 15:53:48.230,9.59475,9.597,2.40,1.00
2010.06.11 15:53:49.157,9.59475,9.597,1.60,1.00
2010.06.11 15:53:49.407,9.59395,9.597,1.00,1.00
2010.06.11 15:53:50.710,9.59395,9.5964,1.00,1.00
2010.06.11 15:53:51.575,9.59395,9.5963,1.00,1.00
2010.06.11 15:53:55.975,9.59395,9.5967,1.00,1.00
2010.06.11 15:53:56.405,9.59425,9.5967,1.60,1.00
2010.06.11 15:53:57.755,9.59425,9.5963,1.60,1.00
2010.06.11 15:53:58.015,9.59395,9.5967,1.00,1.00
2010.06.11 15:53:59.258,9.59395,9.5966,1.00,1.00
2010.06.11 15:54:00.617,9.59395,9.5965,1.00,1.00
2010.06.11 15:54:04.432,9.59375,9.5963,1.60,1.00
2010.06.11 15:54:04.590,9.59325,9.5959,1.00,1.00
2010.06.11 15:54:04.907,9.59325,9.5957,1.00,1.00
2010.06.11 15:54:05.071,9.59325,9.5955,1.00,1.00
2010.06.11 15:54:10.169,9.59325,9.5957,1.00,1.00
2010.06.11 15:54:12.187,9.59325,9.5955,1.00,1.00
2010.06.11 15:54:17.856,9.59325,9.5959,1.00,1.00
2010.06.11 15:54:18.057,9.59315,9.5958,1.00,2.40
2010.06.11 15:54:19.736,9.59315,9.5958,1.00,2.50
2010.06.11 15:54:20.282,9.59315,9.5956,1.00,1.00
2010.06.11 15:54:20.457,9.59315,9.5958,1.00,2.50
2010.06.11 15:54:20.936,9.59305,9.5957,1.00,2.40
2010.06.11 15:54:21.597,9.59305,9.5957,1.00,2.50
2010.06.11 15:54:24.177,9.59305,9.5954,1.00,1.00
2010.06.11 15:54:24.616,9.59305,9.5953,1.00,1.00
2010.06.11 15:54:24.938,9.593,9.5953,1.00,1.00
2010.06.11 15:54:46.008,9.593,9.5954,1.00,1.00
2010.06.11 15:54:50.796,9.593,9.5952,1.00,5.20
2010.06.11 15:54:51.068,9.593,9.5942,1.00,2.40
2010.06.11 15:54:51.349,9.591,9.5941,1.00,1.00
2010.06.11 15:54:51.904,9.5904,9.5941,1.00,1.00
2010.06.11 15:54:52.171,9.5901,9.5939,1.00,1.00
2010.06.11 15:54:52.549,9.5903,9.593,1.00,1.00
2010.06.11 15:54:53.057,9.5903,9.5928,1.00,1.00
2010.06.11 15:54:54.250,9.5903,9.5931,1.00,1.00
2010.06.11 15:54:54.456,9.59045,9.5929,1.00,1.00
2010.06.11 15:54:55.275,9.59045,9.5931,1.00,1.00
2010.06.11 15:54:55.825,9.59045,9.5929,1.00,1.00
2010.06.11 15:54:56.165,9.59045,9.5927,1.00,1.00
2010.06.11 15:54:56.749,9.59045,9.5929,1.00,1.00
2010.06.11 15:54:57.438,9.59045,9.5931,1.00,1.00
2010.06.11 15:54:57.778,9.59045,9.5933,1.00,1.00
2010.06.11 15:54:58.333,9.59045,9.5931,1.00,1.00
2010.06.11 15:54:58.624,9.59045,9.5929,1.00,1.00
2010.06.11 15:54:59.510,9.59045,9.5931,1.00,1.00
2010.06.11 15:55:00.188,9.5915,9.5939,2.40,1.00
2010.06.11 15:55:01.006,9.5915,9.59595,2.40,1.00
2010.06.11 15:55:04.672,9.5931,9.59575,2.40,1.00
2010.06.11 15:55:06.786,9.592,9.595,1.00,1.00
2010.06.11 15:55:07.049,9.5918,9.595,1.00,1.00
2010.06.11 15:55:07.734,9.5918,9.5947,1.00,1.00
2010.06.11 15:55:08.448,9.59205,9.5945,1.00,1.00
2010.06.11 15:55:10.027,9.59205,9.5943,1.00,1.00
2010.06.11 15:55:13.563,9.59205,9.5945,1.00,1.00
2010.06.11 15:55:14.209,9.59205,9.5943,1.00,1.00
2010.06.11 15:55:15.080,9.59205,9.5945,1.00,1.00
2010.06.11 15:55:24.608,9.59205,9.5943,1.00,1.00
2010.06.11 15:55:25.767,9.59205,9.5945,1.00,1.00
2010.06.11 15:55:25.996,9.59205,9.5943,1.00,1.00
2010.06.11 15:55:37.850,9.59205,9.5945,1.00,1.00
2010.06.11 15:55:45.880,9.5921,9.5947,1.00,1.00
2010.06.11 15:55:46.228,9.59205,9.5945,1.00,1.00
2010.06.11 15:55:46.874,9.5921,9.5947,1.00,1.00
2010.06.11 15:55:47.261,9.59205,9.5945,1.00,1.00
2010.06.11 15:55:50.949,9.5921,9.5947,1.00,1.00
2010.06.11 15:55:51.190,9.59205,9.5945,1.00,1.00
2010.06.11 15:55:51.338,9.59205,9.5945,1.00,1.00
2010.06.11 15:56:00.195,9.59205,9.5951,1.00,1.00
2010.06.11 15:56:00.447,9.59335,9.59525,1.00,1.60
2010.06.11 15:56:00.696,9.59335,9.5961,1.00,1.00
2010.06.11 15:56:21.905,9.5934,9.5961,2.40,1.00
2010.06.11 15:56:45.420,9.5934,9.5956,2.40,1.00
2010.06.11 15:56:45.771,9.5925,9.59535,1.00,1.00
2010.06.11 15:56:46.536,9.59235,9.59535,1.00,1.00
2010.06.11 15:56:47.875,9.59235,9.5951,1.00,1.00
2010.06.11 15:56:48.986,9.59235,9.5947,1.00,1.00
2010.06.11 15:56:49.362,9.59235,9.5949,1.00,1.00
2010.06.11 15:56:50.379,9.5925,9.5951,1.00,1.00
2010.06.11 15:56:50.732,9.5927,9.5953,1.00,1.00
2010.06.11 15:56:52.146,9.5925,9.5951,1.00,1.00
2010.06.11 15:56:52.738,9.59235,9.5949,1.00,1.00
2010.06.11 15:56:55.708,9.59235,9.5934,1.00,1.60
2010.06.11 15:56:55.960,9.5919,9.5934,1.00,1.60
2010.06.11 15:56:58.211,9.5914,9.5931,1.60,1.60
2010.06.11 15:56:58.529,9.59125,9.59295,1.60,1.60
2010.06.11 15:57:03.617,9.5914,9.593,1.60,1.00
2010.06.11 15:57:14.536,9.59175,9.593,1.60,1.00
2010.06.11 15:57:15.015,9.59175,9.593,1.60,1.00
2010.06.11 15:57:15.521,9.592,9.593,1.00,1.00
2010.06.11 15:57:16.559,9.5922,9.593,1.00,1.00
2010.06.11 15:57:17.705,9.592,9.593,1.00,1.00
2010.06.11 15:57:17.745,9.59175,9.593,1.60,1.00
2010.06.11 15:57:19.325,9.5925,9.593,1.00,1.00
2010.06.11 15:57:20.090,9.5925,9.59465,1.00,1.00
2010.06.11 15:57:21.456,9.5923,9.59445,1.00,1.00
2010.06.11 15:57:21.717,9.5923,9.5947,1.00,1.00
2010.06.11 15:57:25.451,9.5921,9.5947,1.00,1.00
2010.06.11 15:57:28.166,9.5923,9.5947,1.00,1.00
2010.06.11 15:57:30.746,9.5921,9.5947,1.00,1.00
2010.06.11 15:57:31.795,9.5919,9.5946,1.00,1.00
2010.06.11 15:57:40.703,9.5921,9.5947,1.00,1.00
2010.06.11 15:57:50.627,9.5919,9.5946,1.00,1.00
2010.06.11 15:57:52.783,9.5921,9.5947,1.00,1.00
2010.06.11 15:57:53.809,9.5919,9.5946,1.00,1.00
2010.06.11 15:58:02.516,9.59175,9.5945,1.60,1.00
2010.06.11 15:58:03.269,9.59235,9.5951,1.00,1.00
2010.06.11 15:58:08.140,9.59235,9.5949,1.00,1.00
2010.06.11 15:58:10.815,9.59235,9.5951,1.00,1.00
2010.06.11 15:58:12.181,9.59235,9.5949,1.00,1.00
2010.06.11 15:58:14.863,9.5925,9.5951,1.00,1.00
2010.06.11 15:58:15.405,9.59235,9.5949,1.00,1.00
2010.06.11 15:58:16.308,9.5925,9.5951,1.00,1.00
2010.06.11 15:58:17.189,9.59235,9.5949,1.00,1.00
2010.06.11 15:58:17.956,9.59235,9.5947,1.00,1.00
2010.06.11 15:58:18.417,9.59235,9.5949,1.00,1.00
2010.06.11 15:58:28.059,9.5925,9.5951,1.00,1.00
2010.06.11 15:58:28.254,9.59235,9.5949,1.00,1.00
2010.06.11 15:58:29.737,9.5925,9.5951,1.00,1.00
2010.06.11 15:58:29.960,9.59235,9.5949,1.00,1.00
2010.06.11 15:58:31.016,9.59235,9.5947,1.00,1.00
2010.06.11 15:58:32.909,9.59235,9.5945,1.00,1.00
2010.06.11 15:58:33.254,9.59235,9.5947,1.00,1.00
2010.06.11 15:58:34.548,9.59235,9.5949,1.00,1.00
2010.06.11 15:58:34.872,9.59235,9.5947,1.00,1.00
2010.06.11 15:58:35.987,9.59235,9.5945,1.00,1.00
2010.06.11 15:58:37.124,9.59235,9.5943,1.00,1.00
2010.06.11 15:58:51.298,9.59235,9.5945,1.00,1.00
2010.06.11 15:58:51.607,9.59235,9.5943,1.00,1.00
2010.06.11 15:58:53.169,9.59235,9.5945,1.00,1.00
2010.06.11 15:58:54.901,9.59235,9.5943,1.00,1.00
2010.06.11 15:58:57.274,9.59235,9.5945,1.00,1.00
2010.06.11 15:58:57.617,9.59235,9.5943,1.00,1.00
2010.06.11 15:58:57.970,9.59235,9.5945,1.00,1.00
2010.06.11 15:58:58.893,9.59235,9.5947,1.00,1.00
2010.06.11 15:58:59.115,9.59235,9.5945,1.00,1.00
2010.06.11 15:58:59.341,9.59235,9.5947,1.00,1.00
2010.06.11 15:59:00.467,9.59235,9.5945,1.00,1.00
2010.06.11 15:59:01.412,9.59235,9.5947,1.00,1.00
2010.06.11 15:59:02.948,9.59235,9.5949,1.00,1.00
2010.06.11 15:59:04.869,9.59235,9.5947,1.00,1.00
2010.06.11 15:59:05.255,9.59235,9.5951,1.00,1.00
2010.06.11 15:59:05.728,9.59235,9.5948,1.00,1.00
2010.06.11 15:59:06.075,9.5923,9.594,1.00,2.40
2010.06.11 15:59:09.143,9.59185,9.5942,1.00,2.40
2010.06.11 15:59:44.550,9.59185,9.5941,1.00,2.40
2010.06.11 15:59:46.509,9.59185,9.59295,1.00,1.60
2010.06.11 15:59:46.733,9.58915,9.59295,1.00,1.60
2010.06.11 15:59:47.192,9.58915,9.5929,1.00,1.00
2010.06.11 15:59:47.448,9.58805,9.5929,1.00,1.00
2010.06.11 15:59:48.321,9.58845,9.5923,1.00,1.00
2010.06.11 15:59:48.543,9.58845,9.5919,1.00,1.00
2010.06.11 15:59:49.548,9.58845,9.5918,1.00,1.00
2010.06.11 15:59:50.426,9.58845,9.5902,1.00,1.60
2010.06.11 15:59:50.771,9.5866,9.5902,1.00,3.20
2010.06.11 15:59:51.111,9.5867,9.5895,1.00,2.40
2010.06.11 15:59:51.935,9.58695,9.589,1.00,2.40
2010.06.11 15:59:55.669,9.587,9.589,1.00,2.40
