2015.07.24 17:00:01.041,9.42986,9.4336,1.00,2.10
2015.07.24 17:00:02.270,9.42986,9.43354,1.00,2.10
2015.07.24 17:00:02.371,9.42976,9.43354,1.00,2.10
2015.07.24 17:00:03.580,9.42986,9.43354,1.00,2.10
2015.07.24 17:00:03.637,9.42986,9.4336,1.00,2.10
2015.07.24 17:00:05.038,9.42986,9.43354,1.00,2.10
2015.07.24 17:00:05.140,9.42976,9.43354,1.50,2.10
2015.07.24 17:00:06.233,9.42986,9.43354,1.00,2.10
2015.07.24 17:00:06.285,9.42986,9.4336,1.00,2.10
2015.07.24 17:00:07.275,9.42986,9.43354,1.00,2.10
2015.07.24 17:00:08.279,9.42986,9.43361,1.00,2.10
2015.07.24 17:00:09.279,9.42986,9.43354,1.50,2.10
2015.07.24 17:00:10.339,9.42986,9.4336,1.00,2.10
2015.07.24 17:00:11.067,9.42996,9.43354,1.00,2.10
2015.07.24 17:00:12.911,9.42986,9.43336,1.00,2.10
2015.07.24 17:00:13.280,9.42986,9.43356,1.00,2.10
2015.07.24 17:00:19.557,9.42986,9.43348,1.00,2.10
2015.07.24 17:00:19.955,9.43006,9.43348,1.00,2.10
2015.07.24 17:00:20.279,9.43006,9.43353,1.00,2.10
2015.07.24 17:00:20.330,9.42986,9.43353,1.00,2.10
2015.07.24 17:00:21.106,9.42996,9.43353,1.00,2.10
2015.07.24 17:00:21.462,9.43006,9.4336,1.00,2.10
2015.07.24 17:00:22.020,9.43006,9.43332,1.00,2.10
2015.07.24 17:00:22.362,9.4304,9.43326,1.00,2.10
2015.07.24 17:00:22.818,9.4304,9.43314,1.00,2.10
2015.07.24 17:00:22.869,9.43,9.43314,1.00,2.10
2015.07.24 17:00:23.022,9.4303,9.43314,1.00,2.10
2015.07.24 17:00:23.822,9.43058,9.4335,1.00,2.47
2015.07.24 17:00:24.373,9.43058,9.4335,1.00,2.10
2015.07.24 17:00:24.579,9.43058,9.4336,1.00,2.10
2015.07.24 17:00:30.279,9.43058,9.43354,1.00,2.10
2015.07.24 17:00:31.279,9.43058,9.4336,1.00,2.10
2015.07.24 17:00:37.019,9.43058,9.43354,1.00,2.10
2015.07.24 17:00:40.305,9.43058,9.4336,1.00,2.10
2015.07.24 17:00:41.402,9.43058,9.43366,1.00,2.17
2015.07.24 17:00:51.768,9.43058,9.43339,1.00,2.10
2015.07.24 17:00:51.820,9.4301,9.43339,1.00,2.10
2015.07.24 17:00:52.033,9.4301,9.43332,1.00,2.10
2015.07.24 17:00:52.358,9.4304,9.43332,1.00,2.10
2015.07.24 17:00:53.144,9.43059,9.43353,1.00,2.10
2015.07.24 17:00:54.567,9.43059,9.43359,1.00,2.10
2015.07.24 17:00:55.534,9.43059,9.43353,1.00,2.10
2015.07.24 17:00:58.073,9.43059,9.43353,1.00,2.10
2015.07.24 17:00:58.378,9.43059,9.43348,1.00,2.10
2015.07.24 17:00:59.059,9.43059,9.43354,1.00,2.10
2015.07.24 17:01:00.285,9.43059,9.43361,1.00,2.10
2015.07.24 17:01:01.726,9.43059,9.43355,1.00,2.10
2015.07.24 17:01:03.811,9.43059,9.43356,1.00,2.10
2015.07.24 17:01:04.817,9.43059,9.43355,1.00,2.10
2015.07.24 17:01:05.324,9.43059,9.43349,1.00,2.10
2015.07.24 17:01:09.282,9.43059,9.43401,1.00,1.97
2015.07.24 17:01:09.334,9.42986,9.43413,1.00,1.97
2015.07.24 17:01:09.385,9.42976,9.43414,1.00,2.47
2015.07.24 17:01:09.436,9.42976,9.43414,1.00,2.10
2015.07.24 17:01:09.538,9.42976,9.43424,1.00,1.70
2015.07.24 17:01:09.769,9.42976,9.43424,1.00,1.70
2015.07.24 17:01:10.286,9.42996,9.4343,1.00,2.17
2015.07.24 17:01:10.678,9.43006,9.4343,1.00,2.17
2015.07.24 17:01:10.986,9.43044,9.4343,1.00,2.17
2015.07.24 17:01:31.528,9.43044,9.43435,1.00,2.17
2015.07.24 17:02:10.865,9.43016,9.43435,1.00,2.17
2015.07.24 17:02:12.169,9.43015,9.43435,1.00,2.17
2015.07.24 17:02:12.499,9.43026,9.43417,1.00,1.60
2015.07.24 17:02:14.914,9.42975,9.43424,1.00,1.60
2015.07.24 17:02:15.216,9.43016,9.43435,1.00,2.17
2015.07.24 17:02:16.088,9.43036,9.43435,1.00,2.17
2015.07.24 17:02:18.023,9.43026,9.43434,1.00,2.17
2015.07.24 17:02:20.390,9.43016,9.43421,1.00,1.60
2015.07.24 17:02:21.694,9.42986,9.43421,1.00,1.60
2015.07.24 17:02:21.796,9.42979,9.43421,1.12,1.60
2015.07.24 17:02:21.999,9.43016,9.43421,1.00,1.60
2015.07.24 17:02:24.441,9.42973,9.43424,1.75,2.10
2015.07.24 17:02:26.313,9.43016,9.43435,1.00,2.17
2015.07.24 17:02:28.763,9.42984,9.43424,1.00,2.85
2015.07.24 17:02:28.990,9.43016,9.43424,1.00,2.10
2015.07.24 17:02:34.897,9.42966,9.43412,1.75,1.60
2015.07.24 17:02:34.999,9.42978,9.43412,1.00,1.60
2015.07.24 17:02:35.320,9.43016,9.43424,1.00,2.10
2015.07.24 17:02:36.441,9.42978,9.43434,1.00,1.67
2015.07.24 17:02:36.492,9.42988,9.43434,1.00,1.67
2015.07.24 17:02:36.906,9.43016,9.43434,1.00,2.17
2015.07.24 17:02:37.805,9.43026,9.43412,1.00,1.60
2015.07.24 17:02:39.243,9.43016,9.43434,1.00,2.17
2015.07.24 17:02:41.690,9.42966,9.43434,1.00,1.67
2015.07.24 17:02:41.791,9.42977,9.43434,1.00,1.67
2015.07.24 17:02:42.094,9.43016,9.43424,1.00,2.10
2015.07.24 17:02:44.162,9.42985,9.43425,1.00,1.60
2015.07.24 17:02:44.213,9.43015,9.43434,1.00,2.17
2015.07.24 17:02:45.196,9.43025,9.43434,1.00,2.17
2015.07.24 17:02:47.724,9.43016,9.43429,1.00,1.67
2015.07.24 17:02:56.746,9.42985,9.43429,1.00,1.67
2015.07.24 17:02:56.953,9.43016,9.43429,1.00,1.67
2015.07.24 17:03:05.122,9.43006,9.43429,1.00,1.67
2015.07.24 17:03:05.468,9.42976,9.43424,1.00,1.60
2015.07.24 17:03:05.569,9.4298,9.43424,1.00,1.60
2015.07.24 17:03:05.968,9.43006,9.43429,1.00,1.67
2015.07.24 17:03:08.423,9.42975,9.43424,1.00,1.60
2015.07.24 17:03:08.474,9.42956,9.43424,1.37,1.60
2015.07.24 17:03:08.525,9.42984,9.43424,1.00,1.60
2015.07.24 17:03:08.933,9.43006,9.43425,1.00,1.60
2015.07.24 17:03:12.374,9.42979,9.43424,1.00,1.60
2015.07.24 17:03:12.425,9.43006,9.43425,1.00,1.60
2015.07.24 17:03:13.514,9.43016,9.43425,1.00,1.60
2015.07.24 17:03:14.716,9.43006,9.43425,1.00,1.60
2015.07.24 17:03:19.418,9.42977,9.43425,1.75,2.10
2015.07.24 17:03:19.767,9.43006,9.43425,1.00,1.60
2015.07.24 17:03:20.614,9.43016,9.43425,1.00,1.60
2015.07.24 17:03:30.267,9.42978,9.43425,1.12,1.60
2015.07.24 17:03:31.569,9.43016,9.43425,1.00,1.60
2015.07.24 17:03:34.932,9.42976,9.43425,1.37,1.60
2015.07.24 17:03:34.982,9.4298,9.43425,1.00,1.60
2015.07.24 17:03:35.633,9.43016,9.43425,1.00,1.60
2015.07.24 17:03:39.666,9.43006,9.43426,1.00,1.60
2015.07.24 17:03:41.426,9.42982,9.43424,1.00,1.60
2015.07.24 17:03:41.477,9.42976,9.43424,1.00,1.60
2015.07.24 17:03:41.616,9.42981,9.43424,1.00,1.60
2015.07.24 17:03:41.962,9.43006,9.43426,1.00,1.60
2015.07.24 17:03:45.675,9.42979,9.43424,1.00,1.60
2015.07.24 17:03:45.986,9.43006,9.43426,1.00,1.60
2015.07.24 17:03:52.240,9.42956,9.43424,1.50,1.60
2015.07.24 17:03:52.292,9.42974,9.43424,1.00,1.60
2015.07.24 17:03:52.641,9.43006,9.43425,1.00,1.60
2015.07.24 17:03:55.067,9.42979,9.43424,1.00,1.60
2015.07.24 17:03:55.118,9.42977,9.43424,1.00,1.60
2015.07.24 17:03:55.169,9.43006,9.43425,1.00,1.60
2015.07.24 17:03:57.966,9.42976,9.43425,1.00,2.10
2015.07.24 17:03:58.067,9.42968,9.43425,1.00,2.10
2015.07.24 17:03:58.216,9.43006,9.43425,1.00,1.60
2015.07.24 17:04:05.793,9.43016,9.43425,1.00,1.60
2015.07.24 17:04:09.802,9.43026,9.43425,1.00,1.60
2015.07.24 17:04:10.857,9.43006,9.43425,1.00,1.60
2015.07.24 17:04:16.268,9.42976,9.43425,1.00,1.60
2015.07.24 17:04:16.826,9.43006,9.43425,1.00,1.60
2015.07.24 17:04:19.623,9.43036,9.43425,1.00,1.60
2015.07.24 17:04:20.360,9.43016,9.43425,1.00,1.60
2015.07.24 17:04:21.115,9.43006,9.43425,1.00,1.60
2015.07.24 17:04:26.865,9.43016,9.43425,1.00,1.60
2015.07.24 17:04:31.985,9.43006,9.43425,1.00,1.60
2015.07.24 17:04:33.349,9.43016,9.43425,1.00,1.60
2015.07.24 17:04:34.405,9.43006,9.43425,1.00,1.60
2015.07.24 17:04:40.212,9.43016,9.43425,1.00,1.60
2015.07.24 17:04:41.234,9.43006,9.43425,1.00,1.60
2015.07.24 17:04:41.541,9.42976,9.43425,1.00,1.60
2015.07.24 17:04:43.176,9.43016,9.43425,1.00,1.60
2015.07.24 17:04:44.959,9.43006,9.43425,1.00,1.60
2015.07.24 17:04:46.152,9.43016,9.43425,1.00,1.60
2015.07.24 17:04:48.934,9.43006,9.43426,1.00,1.60
2015.07.24 17:04:49.929,9.43016,9.43426,1.00,1.60
2015.07.24 17:04:53.175,9.43006,9.43426,1.00,1.60
2015.07.24 17:04:54.461,9.43015,9.43426,1.00,1.60
2015.07.24 17:05:03.804,9.43006,9.43425,1.00,1.60
2015.07.24 17:05:06.049,9.43016,9.43425,1.00,1.60
2015.07.24 17:05:07.245,9.43006,9.43425,1.00,1.60
2015.07.24 17:05:09.527,9.43026,9.43425,1.00,1.60
2015.07.24 17:05:11.657,9.43016,9.43425,1.00,1.60
2015.07.24 17:05:11.902,9.43006,9.43425,1.00,1.60
2015.07.24 17:05:12.983,9.43016,9.43425,1.00,1.60
2015.07.24 17:05:13.684,9.42983,9.43414,1.00,1.60
2015.07.24 17:05:14.359,9.43005,9.43425,1.00,1.60
2015.07.24 17:05:14.763,9.42985,9.43425,1.00,1.60
2015.07.24 17:05:15.005,9.43006,9.43425,1.00,1.60
2015.07.24 17:05:21.875,9.43016,9.43426,1.00,1.60
2015.07.24 17:05:22.796,9.43006,9.43426,1.00,1.60
2015.07.24 17:05:23.647,9.42982,9.43424,1.00,1.60
2015.07.24 17:05:23.698,9.42966,9.43424,1.00,1.60
2015.07.24 17:05:24.001,9.42977,9.43424,1.00,1.60
2015.07.24 17:05:24.307,9.43006,9.43426,1.00,1.60
2015.07.24 17:05:32.792,9.42982,9.43424,1.00,1.60
2015.07.24 17:05:32.997,9.43005,9.43425,1.00,1.60
2015.07.24 17:05:37.712,9.43026,9.43435,1.00,2.17
2015.07.24 17:05:41.426,9.43036,9.43435,1.00,2.17
2015.07.24 17:05:47.475,9.43025,9.43435,1.00,2.17
2015.07.24 17:05:48.601,9.43036,9.43435,1.00,2.17
2015.07.24 17:05:49.876,9.43026,9.43435,1.00,2.17
2015.07.24 17:05:51.759,9.43036,9.43435,1.00,2.17
2015.07.24 17:05:53.980,9.42978,9.43435,1.07,2.92
2015.07.24 17:05:54.351,9.43026,9.43435,1.00,2.17
2015.07.24 17:05:56.196,9.42982,9.43434,1.07,1.67
2015.07.24 17:05:57.247,9.43026,9.43435,1.00,2.17
2015.07.24 17:05:59.489,9.42991,9.43435,1.00,2.92
2015.07.24 17:05:59.700,9.43025,9.43435,1.00,2.17
2015.07.24 17:06:00.890,9.42966,9.43434,1.12,1.67
2015.07.24 17:06:01.253,9.43026,9.43435,1.00,2.17
2015.07.24 17:06:04.775,9.43026,9.43227,1.00,2.10
2015.07.24 17:06:04.877,9.42956,9.43207,1.37,2.10
2015.07.24 17:06:04.978,9.42956,9.43207,1.07,2.10
2015.07.24 17:06:05.080,9.42956,9.43204,1.00,2.10
2015.07.24 17:06:05.131,9.42956,9.43201,1.00,2.10
2015.07.24 17:06:05.546,9.42956,9.43195,1.00,2.10
2015.07.24 17:06:06.551,9.42956,9.43187,1.00,2.10
2015.07.24 17:06:07.082,9.42906,9.43264,1.75,1.75
2015.07.24 17:06:07.184,9.4296,9.433,1.00,1.35
2015.07.24 17:06:07.286,9.4296,9.43309,1.00,1.97
2015.07.24 17:06:07.590,9.42977,9.43312,1.00,2.47
2015.07.24 17:06:08.257,9.43025,9.43312,1.00,2.47
2015.07.24 17:06:08.761,9.43025,9.43317,1.00,2.10
2015.07.24 17:06:09.038,9.43025,9.43355,1.00,1.97
2015.07.24 17:06:09.140,9.42963,9.43359,1.00,1.35
2015.07.24 17:06:09.292,9.42963,9.43383,1.00,3.22
2015.07.24 17:06:09.393,9.42985,9.43383,1.00,2.47
2015.07.24 17:06:09.561,9.42985,9.43384,1.00,1.97
2015.07.24 17:06:09.816,9.42985,9.43384,1.07,1.97
2015.07.24 17:06:10.150,9.43013,9.43392,1.00,2.47
2015.07.24 17:06:10.363,9.43013,9.43392,1.00,2.47
2015.07.24 17:06:10.989,9.43054,9.43392,1.00,2.47
2015.07.24 17:06:11.326,9.43054,9.4338,1.00,2.17
2015.07.24 17:06:12.593,9.43054,9.43385,1.00,2.47
2015.07.24 17:06:12.797,9.43054,9.43424,1.00,2.47
2015.07.24 17:06:12.950,9.43016,9.43424,1.00,2.47
2015.07.24 17:06:13.001,9.43016,9.43424,1.00,2.10
2015.07.24 17:06:13.052,9.43016,9.43424,1.00,2.10
2015.07.24 17:06:13.358,9.43016,9.43434,1.07,2.10
2015.07.24 17:06:14.116,9.43036,9.43434,1.00,2.10
2015.07.24 17:06:14.626,9.43043,9.43445,1.00,2.17
2015.07.24 17:06:14.942,9.43043,9.43438,1.00,2.10
2015.07.24 17:06:19.820,9.43043,9.43432,1.00,2.10
2015.07.24 17:06:25.878,9.43046,9.43432,1.00,2.10
2015.07.24 17:06:27.105,9.43043,9.43432,1.00,2.10
2015.07.24 17:06:28.080,9.43043,9.43438,1.00,2.10
2015.07.24 17:06:53.423,9.43043,9.43394,1.00,1.00
2015.07.24 17:06:53.717,9.43043,9.43425,1.00,2.10
2015.07.24 17:06:55.324,9.42975,9.43226,1.00,2.10
2015.07.24 17:06:55.903,9.42956,9.432,1.00,2.17
2015.07.24 17:06:56.285,9.42956,9.43195,1.00,2.10
2015.07.24 17:06:57.025,9.42956,9.43186,1.00,2.10
2015.07.24 17:06:57.820,9.42956,9.43264,1.00,1.75
2015.07.24 17:06:58.024,9.42976,9.43312,1.00,1.00
2015.07.24 17:06:58.343,9.4297,9.43312,1.00,1.00
2015.07.24 17:06:58.394,9.4297,9.43345,1.00,2.47
2015.07.24 17:06:58.726,9.42995,9.43345,1.00,2.47
2015.07.24 17:06:59.156,9.42995,9.43345,1.00,2.47
2015.07.24 17:06:59.285,9.42995,9.43351,1.00,2.47
2015.07.24 17:06:59.387,9.4302,9.43351,1.00,2.47
2015.07.24 17:06:59.700,9.4305,9.43351,1.00,2.47
2015.07.24 17:07:01.814,9.43008,9.43356,1.00,1.35
2015.07.24 17:07:02.061,9.43008,9.43375,1.00,1.67
2015.07.24 17:07:02.112,9.43022,9.43375,1.00,1.67
2015.07.24 17:07:02.460,9.43055,9.43375,1.00,1.67
2015.07.24 17:07:03.090,9.43055,9.43375,1.00,2.92
2015.07.24 17:07:05.149,9.42965,9.43322,1.00,1.00
2015.07.24 17:07:08.457,9.42996,9.43322,1.00,1.00
2015.07.24 17:07:08.575,9.42966,9.43322,1.00,1.00
2015.07.24 17:07:08.626,9.42966,9.43414,1.50,2.85
2015.07.24 17:07:08.932,9.42986,9.43414,1.00,2.85
2015.07.24 17:07:09.285,9.42986,9.43414,1.00,1.60
2015.07.24 17:07:09.336,9.42976,9.43414,1.00,1.60
2015.07.24 17:07:09.923,9.42966,9.43414,1.50,1.60
2015.07.24 17:07:11.765,9.42976,9.43414,1.00,1.60
2015.07.24 17:07:13.372,9.43002,9.43419,1.00,1.60
2015.07.24 17:07:13.660,9.42976,9.43419,1.50,1.60
2015.07.24 17:07:14.187,9.42976,9.43419,1.50,1.60
2015.07.24 17:07:15.994,9.42976,9.43384,1.00,1.50
2015.07.24 17:07:16.096,9.42972,9.43384,1.00,1.50
2015.07.24 17:07:16.198,9.42966,9.43384,1.00,1.50
2015.07.24 17:07:16.964,9.42966,9.43405,1.00,2.10
2015.07.24 17:07:18.803,9.42988,9.43405,1.00,2.10
2015.07.24 17:07:18.904,9.42967,9.43405,1.00,2.10
2015.07.24 17:07:18.956,9.42966,9.43394,1.00,1.50
2015.07.24 17:07:21.266,9.42966,9.43384,1.00,1.00
2015.07.24 17:07:21.469,9.42966,9.43394,1.00,1.50
2015.07.24 17:07:22.690,9.42982,9.43394,1.00,1.50
2015.07.24 17:07:22.792,9.42966,9.43394,1.00,1.50
2015.07.24 17:07:23.334,9.42965,9.43394,1.00,1.50
2015.07.24 17:07:24.192,9.42969,9.43394,1.00,1.50
2015.07.24 17:07:24.246,9.42969,9.43415,1.00,1.60
2015.07.24 17:07:24.874,9.42976,9.43417,1.00,1.60
2015.07.24 17:07:30.657,9.42969,9.43402,1.00,1.30
2015.07.24 17:07:30.708,9.42966,9.43402,1.00,1.30
2015.07.24 17:07:30.809,9.42986,9.43386,1.00,2.10
2015.07.24 17:07:30.911,9.42986,9.4339,1.00,1.60
2015.07.24 17:07:31.013,9.42986,9.4339,1.00,1.00
2015.07.24 17:07:31.484,9.42986,9.4339,1.00,1.37
2015.07.24 17:07:32.000,9.42986,9.4339,1.00,1.00
2015.07.24 17:07:32.051,9.42986,9.43331,1.00,1.00
2015.07.24 17:07:32.105,9.42976,9.43331,1.00,1.00
2015.07.24 17:07:32.207,9.42976,9.43405,1.57,1.50
2015.07.24 17:07:32.258,9.42976,9.43414,1.57,1.50
2015.07.24 17:07:32.625,9.42976,9.43414,2.25,1.50
2015.07.24 17:07:33.214,9.42976,9.43324,1.00,1.50
2015.07.24 17:07:33.549,9.42966,9.43256,1.00,2.10
2015.07.24 17:07:34.024,9.42966,9.43247,1.00,2.10
2015.07.24 17:07:34.820,9.42966,9.43241,1.00,2.17
2015.07.24 17:07:35.943,9.42966,9.43195,1.00,1.00
2015.07.24 17:07:36.276,9.42966,9.43161,1.00,1.00
2015.07.24 17:07:39.926,9.42996,9.43161,1.00,1.00
2015.07.24 17:07:40.339,9.42929,9.43161,1.82,1.00
2015.07.24 17:07:40.390,9.42929,9.43304,1.82,1.00
2015.07.24 17:07:40.847,9.42935,9.43325,1.12,1.07
2015.07.24 17:07:42.586,9.42951,9.43281,1.12,1.00
2015.07.24 17:07:42.973,9.42951,9.43281,1.20,1.00
2015.07.24 17:07:43.074,9.42946,9.43362,1.12,1.00
2015.07.24 17:07:43.328,9.42976,9.43362,1.00,1.00
2015.07.24 17:07:43.688,9.42976,9.43371,1.00,1.00
2015.07.24 17:07:43.892,9.42976,9.43332,1.00,1.00
2015.07.24 17:07:44.197,9.42996,9.4336,1.07,1.00
2015.07.24 17:07:44.299,9.42996,9.43423,1.07,1.00
2015.07.24 17:07:44.401,9.42976,9.43424,2.25,2.25
2015.07.24 17:07:45.099,9.42996,9.43342,1.37,1.00
2015.07.24 17:07:45.201,9.42996,9.43342,1.00,1.00
2015.07.24 17:07:45.404,9.42996,9.43342,1.07,1.00
2015.07.24 17:07:46.196,9.42996,9.43342,1.50,1.00
2015.07.24 17:07:46.644,9.42976,9.43424,1.75,2.62
2015.07.24 17:07:46.696,9.42976,9.43424,1.75,2.32
2015.07.24 17:08:00.134,9.42986,9.43424,1.75,1.50
2015.07.24 17:08:00.947,9.42986,9.43424,1.75,1.50
2015.07.24 17:08:02.764,9.42986,9.43424,1.75,1.50
2015.07.24 17:08:03.273,9.42986,9.43404,1.75,1.50
2015.07.24 17:08:09.914,9.42986,9.43404,1.75,1.50
2015.07.24 17:08:10.023,9.42986,9.43404,1.75,1.50
2015.07.24 17:08:10.656,9.42986,9.43424,1.75,1.50
2015.07.24 17:08:19.133,9.42995,9.43433,1.37,1.07
2015.07.24 17:08:19.184,9.42995,9.43433,1.75,1.07
2015.07.24 17:08:20.065,9.43006,9.43433,1.37,1.07
2015.07.24 17:08:20.694,9.43006,9.43433,2.25,1.07
2015.07.24 17:08:22.874,9.43026,9.43433,1.07,1.00
2015.07.24 17:08:26.413,9.43016,9.43433,1.75,1.10
2015.07.24 17:08:49.448,9.43016,9.43464,2.25,2.32
2015.07.24 17:08:50.293,9.43016,9.43454,1.75,1.00
2015.07.24 17:08:50.953,9.43016,9.43464,1.75,1.57
2015.07.24 17:08:58.423,9.43016,9.43464,1.75,1.87
2015.07.24 17:09:05.600,9.43016,9.43464,1.75,1.57
2015.07.24 17:09:07.567,9.43026,9.43474,1.75,2.62
2015.07.24 17:09:09.642,9.43026,9.43474,1.75,2.62
2015.07.24 17:09:11.952,9.43026,9.43464,1.75,1.87
2015.07.24 17:09:14.863,9.43016,9.43464,2.25,2.62
2015.07.24 17:09:17.892,9.43026,9.43464,1.75,2.62
2015.07.24 17:09:22.665,9.43026,9.43464,1.75,2.25
2015.07.24 17:09:28.160,9.43026,9.43464,1.75,2.62
2015.07.24 17:09:28.570,9.43026,9.43464,1.87,1.87
2015.07.24 17:09:28.678,9.43026,9.43464,2.25,1.87
2015.07.24 17:09:31.866,9.43026,9.43454,1.75,1.50
2015.07.24 17:09:32.350,9.43026,9.43454,1.75,1.57
2015.07.24 17:09:32.523,9.43026,9.43454,1.75,1.57
2015.07.24 17:09:33.005,9.43026,9.43454,1.75,1.50
2015.07.24 17:09:33.342,9.43026,9.43434,1.75,1.50
2015.07.24 17:09:33.395,9.43026,9.43434,1.75,1.50
2015.07.24 17:09:34.181,9.43026,9.43424,1.75,1.50
2015.07.24 17:09:34.699,9.43026,9.43424,1.75,1.50
2015.07.24 17:09:35.121,9.43026,9.43434,1.75,1.50
2015.07.24 17:09:38.105,9.43026,9.43444,1.75,1.57
2015.07.24 17:09:41.182,9.43026,9.43404,1.75,1.50
2015.07.24 17:09:42.200,9.43026,9.43424,1.75,1.50
2015.07.24 17:09:48.548,9.43026,9.43424,1.75,1.50
2015.07.24 17:09:49.091,9.43026,9.43444,1.75,1.57
2015.07.24 17:09:53.997,9.43026,9.43444,1.12,1.57
2015.07.24 17:09:54.860,9.43026,9.43444,1.75,1.57
2015.07.24 17:09:55.249,9.43026,9.43434,1.75,1.50
2015.07.24 17:10:01.219,9.43026,9.43454,1.75,1.87
2015.07.24 17:10:04.192,9.43026,9.43464,1.75,2.62
2015.07.24 17:10:05.409,9.43026,9.43464,1.37,1.87
2015.07.24 17:10:05.639,9.43026,9.43464,1.75,1.87
2015.07.24 17:10:06.648,9.43026,9.43444,1.12,1.57
2015.07.24 17:10:08.098,9.43026,9.43444,1.37,1.57
2015.07.24 17:10:08.433,9.43026,9.43424,1.75,1.50
2015.07.24 17:10:09.030,9.43016,9.43424,1.75,1.50
2015.07.24 17:10:09.356,9.43006,9.43414,2.25,1.50
2015.07.24 17:10:09.727,9.43006,9.43414,1.75,1.50
2015.07.24 17:10:11.091,9.43006,9.43404,1.75,1.50
2015.07.24 17:10:12.239,9.43006,9.43424,1.75,1.50
2015.07.24 17:10:18.838,9.43016,9.43424,1.75,1.50
2015.07.24 17:10:18.940,9.43016,9.43424,1.37,1.50
2015.07.24 17:10:19.450,9.43016,9.43454,1.37,1.57
2015.07.24 17:10:20.501,9.43016,9.43454,1.75,1.57
2015.07.24 17:10:20.822,9.43016,9.43454,1.75,1.50
2015.07.24 17:10:21.821,9.42996,9.43454,1.75,1.57
2015.07.24 17:10:22.250,9.42996,9.43454,1.75,1.50
2015.07.24 17:10:22.811,9.43016,9.43454,1.75,1.50
2015.07.24 17:10:23.454,9.43016,9.43444,1.75,1.57
2015.07.24 17:10:24.021,9.43016,9.43444,1.75,1.50
2015.07.24 17:10:24.427,9.43016,9.43435,1.75,1.50
2015.07.24 17:10:25.561,9.43016,9.43435,2.25,1.50
2015.07.24 17:10:26.722,9.43016,9.43435,1.75,1.50
2015.07.24 17:10:27.480,9.43016,9.43424,1.75,1.50
2015.07.24 17:10:27.760,9.43016,9.43424,1.75,1.50
2015.07.24 17:10:28.844,9.43016,9.43408,2.25,1.00
2015.07.24 17:10:29.421,9.43016,9.43408,1.87,1.10
2015.07.24 17:10:29.683,9.43016,9.43358,1.37,1.00
2015.07.24 17:10:29.886,9.42995,9.43434,1.37,1.37
2015.07.24 17:10:29.988,9.43016,9.43444,1.75,1.50
2015.07.24 17:10:30.509,9.43016,9.43444,1.75,1.57
2015.07.24 17:10:34.467,9.43016,9.43459,1.75,1.00
2015.07.24 17:10:34.880,9.43016,9.43459,1.37,1.00
2015.07.24 17:10:35.679,9.43036,9.43484,1.12,2.25
2015.07.24 17:10:35.732,9.43056,9.43484,1.00,1.50
2015.07.24 17:10:36.090,9.43056,9.43484,1.37,1.50
2015.07.24 17:10:37.538,9.43066,9.43474,1.37,1.50
2015.07.24 17:10:37.860,9.43066,9.43474,1.37,1.50
2015.07.24 17:10:39.094,9.43066,9.43474,1.75,1.50
2015.07.24 17:10:39.641,9.43066,9.43474,1.37,1.50
2015.07.24 17:10:39.746,9.43066,9.43474,1.75,1.50
2015.07.24 17:10:41.051,9.43066,9.43474,1.37,1.50
2015.07.24 17:10:41.698,9.43036,9.43404,1.75,1.50
2015.07.24 17:10:42.456,9.43036,9.43424,1.75,1.50
2015.07.24 17:10:42.989,9.43036,9.43424,1.37,1.50
2015.07.24 17:10:43.040,9.43036,9.43424,1.37,1.50
2015.07.24 17:10:43.462,9.43016,9.43384,1.75,1.50
2015.07.24 17:10:43.716,9.43016,9.43384,1.37,1.50
2015.07.24 17:10:44.034,9.42986,9.43384,1.75,1.50
2015.07.24 17:10:44.658,9.42986,9.43404,1.75,1.50
2015.07.24 17:10:45.250,9.42986,9.43404,1.75,1.50
2015.07.24 17:10:45.637,9.42986,9.43395,1.75,1.50
2015.07.24 17:10:46.434,9.42996,9.43404,1.75,1.50
2015.07.24 17:10:47.099,9.42996,9.43404,1.75,1.50
2015.07.24 17:10:47.210,9.42996,9.43404,1.75,1.50
2015.07.24 17:10:48.494,9.42986,9.43404,1.87,1.50
2015.07.24 17:10:49.492,9.42986,9.43414,1.87,1.50
2015.07.24 17:10:50.750,9.42986,9.43414,1.87,1.50
2015.07.24 17:10:51.287,9.42996,9.43414,1.75,1.50
2015.07.24 17:10:51.688,9.42996,9.43424,1.75,1.87
2015.07.24 17:10:52.191,9.42996,9.43424,1.75,1.87
2015.07.24 17:10:53.931,9.42996,9.43424,1.75,2.25
2015.07.24 17:10:54.581,9.42986,9.43424,1.75,1.50
2015.07.24 17:10:54.635,9.42986,9.43424,1.75,1.50
2015.07.24 17:10:54.736,9.42986,9.43424,1.75,1.50
2015.07.24 17:10:54.951,9.42986,9.43424,1.37,1.50
2015.07.24 17:10:55.202,9.42986,9.43434,1.37,1.00
2015.07.24 17:10:55.253,9.43046,9.43454,1.00,1.50
2015.07.24 17:10:55.789,9.43046,9.43454,1.07,1.50
2015.07.24 17:10:56.092,9.43016,9.43454,1.37,1.87
2015.07.24 17:10:56.888,9.43016,9.43445,1.12,1.50
2015.07.24 17:10:56.940,9.43016,9.43445,1.07,1.50
2015.07.24 17:10:57.361,9.42996,9.43444,1.75,1.00
2015.07.24 17:10:57.891,9.43036,9.43445,1.07,1.50
2015.07.24 17:10:58.663,9.43046,9.43434,1.00,1.50
2015.07.24 17:10:59.270,9.43046,9.43454,1.00,1.50
2015.07.24 17:10:59.611,9.43056,9.43454,1.00,1.50
2015.07.24 17:10:59.978,9.43056,9.43454,1.07,1.50
2015.07.24 17:11:00.483,9.43056,9.43454,1.00,1.57
2015.07.24 17:11:00.760,9.43046,9.43454,1.07,1.57
2015.07.24 17:11:01.369,9.43046,9.43424,1.00,1.50
2015.07.24 17:11:03.069,9.43026,9.43424,1.07,1.50
2015.07.24 17:11:04.334,9.43036,9.43424,1.00,1.50
2015.07.24 17:11:04.989,9.43036,9.43424,1.07,1.50
2015.07.24 17:11:05.381,9.43026,9.43424,1.00,1.50
2015.07.24 17:11:20.291,9.43026,9.43394,1.00,1.50
2015.07.24 17:11:20.444,9.43016,9.43394,1.00,1.50
2015.07.24 17:11:20.942,9.43016,9.43394,1.87,1.50
2015.07.24 17:11:21.407,9.43016,9.43404,1.87,1.50
2015.07.24 17:11:22.283,9.43036,9.43414,1.07,1.50
2015.07.24 17:11:22.486,9.43036,9.43414,1.00,1.50
2015.07.24 17:11:23.201,9.43016,9.43414,1.07,1.50
2015.07.24 17:11:23.252,9.43016,9.43414,1.00,1.50
2015.07.24 17:11:24.164,9.43016,9.43414,1.37,1.50
2015.07.24 17:11:26.401,9.43025,9.43414,1.00,1.50
2015.07.24 17:11:27.048,9.43016,9.43414,1.00,1.50
2015.07.24 17:11:27.102,9.43016,9.43414,1.37,1.50
2015.07.24 17:11:27.441,9.43016,9.43414,2.25,1.50
2015.07.24 17:11:28.424,9.43026,9.43414,1.37,1.50
2015.07.24 17:11:29.837,9.43036,9.43414,1.37,1.50
2015.07.24 17:11:29.939,9.43036,9.43414,1.75,1.50
2015.07.24 17:11:30.289,9.43036,9.43424,1.75,1.50
2015.07.24 17:11:30.693,9.43036,9.43424,1.37,1.50
2015.07.24 17:11:30.947,9.43036,9.43424,1.75,1.50
2015.07.24 17:11:31.490,9.43036,9.43424,1.75,1.50
2015.07.24 17:11:31.839,9.43046,9.43414,1.75,1.50
2015.07.24 17:11:32.378,9.43046,9.43414,1.75,1.50
2015.07.24 17:11:33.222,9.43046,9.43414,1.37,1.50
2015.07.24 17:11:33.273,9.43046,9.43434,1.37,1.50
2015.07.24 17:11:33.682,9.43046,9.43434,1.37,1.50
2015.07.24 17:11:34.430,9.43046,9.43434,1.07,1.50
2015.07.24 17:11:34.914,9.43036,9.43434,1.00,1.50
2015.07.24 17:11:35.239,9.43036,9.43425,1.00,1.50
2015.07.24 17:11:36.421,9.43006,9.43425,1.75,1.50
2015.07.24 17:11:36.731,9.43056,9.43425,1.00,1.50
2015.07.24 17:11:37.036,9.43035,9.43425,1.37,1.50
2015.07.24 17:11:37.775,9.43035,9.43425,1.75,1.50
2015.07.24 17:11:38.181,9.43035,9.43425,1.37,1.50
2015.07.24 17:11:38.233,9.43046,9.43404,1.37,1.50
2015.07.24 17:11:40.747,9.43046,9.43404,1.37,1.50
2015.07.24 17:11:41.289,9.43046,9.43414,1.37,1.50
2015.07.24 17:11:41.492,9.43046,9.43414,1.07,1.50
2015.07.24 17:11:41.884,9.43046,9.43414,1.00,1.50
2015.07.24 17:11:42.138,9.43046,9.43414,1.07,1.50
2015.07.24 17:11:42.279,9.43046,9.43424,1.07,1.50
2015.07.24 17:11:42.494,9.43036,9.43424,1.75,1.50
2015.07.24 17:11:42.895,9.43036,9.43424,1.75,1.50
2015.07.24 17:11:42.946,9.43036,9.43424,1.75,1.50
2015.07.24 17:11:43.126,9.43036,9.43424,1.75,1.50
2015.07.24 17:11:43.669,9.43046,9.43424,1.37,1.50
2015.07.24 17:11:43.931,9.43046,9.43424,1.07,1.50
2015.07.24 17:11:44.202,9.43076,9.43424,1.00,1.50
2015.07.24 17:11:45.189,9.43025,9.43424,1.37,1.50
2015.07.24 17:11:45.716,9.43025,9.43424,1.37,1.50
2015.07.24 17:11:46.218,9.43055,9.43424,1.00,1.50
2015.07.24 17:11:46.431,9.43055,9.43424,1.75,1.50
2015.07.24 17:11:46.878,9.43055,9.43424,1.37,1.50
2015.07.24 17:11:47.276,9.43046,9.43444,1.37,1.50
2015.07.24 17:11:48.169,9.43046,9.43444,1.75,1.50
2015.07.24 17:11:48.229,9.43056,9.43454,1.37,1.50
2015.07.24 17:11:48.335,9.43056,9.43454,1.37,2.25
2015.07.24 17:11:48.437,9.43056,9.43454,1.37,1.50
2015.07.24 17:11:49.223,9.43056,9.43464,1.37,1.50
2015.07.24 17:11:49.974,9.43056,9.43464,1.37,2.25
2015.07.24 17:11:50.303,9.43056,9.43424,1.37,1.50
2015.07.24 17:11:50.620,9.43036,9.43424,1.75,1.50
2015.07.24 17:11:50.971,9.43036,9.43424,1.75,1.50
2015.07.24 17:11:51.369,9.43036,9.43424,1.37,1.50
2015.07.24 17:11:52.179,9.43036,9.43424,1.07,1.50
2015.07.24 17:11:52.699,9.43056,9.43424,1.00,1.50
2015.07.24 17:11:53.307,9.43056,9.43454,1.00,1.50
2015.07.24 17:11:54.473,9.43056,9.43454,1.37,1.50
2015.07.24 17:11:54.821,9.43076,9.43454,1.37,1.50
2015.07.24 17:11:55.282,9.43076,9.43474,1.75,1.50
2015.07.24 17:11:55.486,9.43076,9.43474,1.75,1.50
2015.07.24 17:11:55.686,9.43076,9.43474,1.00,1.87
2015.07.24 17:11:55.789,9.43056,9.4347,1.00,1.37
2015.07.24 17:11:56.230,9.43056,9.4347,1.00,1.37
2015.07.24 17:11:56.832,9.43056,9.43464,1.00,1.87
2015.07.24 17:11:56.884,9.43046,9.43464,1.07,1.87
2015.07.24 17:11:57.787,9.43046,9.43464,1.00,1.50
2015.07.24 17:11:58.059,9.43056,9.43464,1.00,1.50
2015.07.24 17:11:59.942,9.43066,9.43464,1.00,1.50
2015.07.24 17:12:01.247,9.43066,9.43474,1.00,1.50
2015.07.24 17:12:02.298,9.43066,9.43464,1.00,1.50
2015.07.24 17:12:03.053,9.43056,9.43464,1.00,1.50
2015.07.24 17:12:04.251,9.43046,9.43464,1.00,1.50
2015.07.24 17:12:04.302,9.43046,9.43444,1.00,1.50
2015.07.24 17:12:05.359,9.43046,9.43424,1.00,1.50
2015.07.24 17:12:05.880,9.43026,9.43424,1.07,1.50
2015.07.24 17:12:06.117,9.43026,9.43424,1.37,1.50
2015.07.24 17:12:06.678,9.43026,9.43404,1.37,1.50
2015.07.24 17:12:07.248,9.43026,9.43404,1.75,1.50
2015.07.24 17:12:07.299,9.43026,9.43424,1.75,1.50
2015.07.24 17:12:07.452,9.43026,9.43424,1.07,1.50
2015.07.24 17:12:08.198,9.43026,9.43424,1.00,1.50
2015.07.24 17:12:10.112,9.43026,9.43424,1.07,1.50
2015.07.24 17:12:10.988,9.43026,9.43424,1.07,1.50
2015.07.24 17:12:17.833,9.43026,9.43424,1.00,1.50
2015.07.24 17:12:18.213,9.43026,9.43424,1.07,1.50
2015.07.24 17:12:20.248,9.43026,9.43404,1.07,1.50
2015.07.24 17:12:21.180,9.43026,9.43404,1.07,1.50
2015.07.24 17:12:21.633,9.43016,9.43404,1.07,1.50
2015.07.24 17:12:23.239,9.43016,9.43424,1.07,1.50
2015.07.24 17:12:24.708,9.43036,9.43424,1.00,1.50
2015.07.24 17:12:25.288,9.43036,9.43434,1.00,1.50
2015.07.24 17:12:25.448,9.43036,9.43434,1.00,2.25
2015.07.24 17:12:25.600,9.43006,9.43434,1.00,2.25
2015.07.24 17:12:26.157,9.43006,9.43434,1.00,1.50
2015.07.24 17:12:26.209,9.43006,9.43434,1.75,1.57
2015.07.24 17:12:26.561,9.43006,9.43344,1.75,1.50
2015.07.24 17:12:26.714,9.42966,9.43344,1.75,1.50
2015.07.24 17:12:27.403,9.42966,9.43404,1.75,1.50
2015.07.24 17:12:27.454,9.42966,9.43404,1.75,1.50
2015.07.24 17:12:27.801,9.42996,9.43404,1.12,1.50
2015.07.24 17:12:28.674,9.42996,9.43404,1.12,1.50
2015.07.24 17:12:29.258,9.43026,9.43404,1.75,1.50
2015.07.24 17:12:32.339,9.43046,9.43424,1.75,1.50
2015.07.24 17:12:33.176,9.43066,9.43424,1.75,1.50
2015.07.24 17:12:33.331,9.43066,9.43424,1.75,1.50
2015.07.24 17:12:33.433,9.43066,9.43494,1.75,1.50
2015.07.24 17:12:33.795,9.43066,9.43494,1.75,2.25
2015.07.24 17:12:34.424,9.43066,9.43474,1.75,1.50
2015.07.24 17:12:34.729,9.43066,9.43474,1.37,1.50
2015.07.24 17:12:35.179,9.43076,9.43474,1.75,1.50
2015.07.24 17:12:35.713,9.43076,9.43474,1.07,1.57
2015.07.24 17:12:37.834,9.43056,9.43464,1.75,1.50
2015.07.24 17:12:37.936,9.43026,9.43464,1.75,1.50
2015.07.24 17:12:38.140,9.43026,9.43464,1.75,1.50
2015.07.24 17:12:38.395,9.43066,9.43474,1.07,1.50
2015.07.24 17:12:38.599,9.43066,9.4347,1.37,1.00
2015.07.24 17:12:38.992,9.43046,9.4347,1.75,1.00
2015.07.24 17:12:39.379,9.43046,9.43464,1.75,1.50
2015.07.24 17:12:39.699,9.43046,9.43464,1.37,1.50
2015.07.24 17:12:40.596,9.43066,9.43484,1.37,1.50
2015.07.24 17:12:40.868,9.43066,9.43484,1.75,1.50
2015.07.24 17:12:41.476,9.43066,9.43504,1.75,1.50
2015.07.24 17:12:43.444,9.43076,9.43474,1.07,1.50
2015.07.24 17:12:43.975,9.43076,9.43474,1.75,1.50
2015.07.24 17:12:44.949,9.43076,9.43474,1.07,1.50
2015.07.24 17:12:45.528,9.43066,9.43465,1.37,1.50
2015.07.24 17:12:46.035,9.43066,9.43465,1.75,1.50
2015.07.24 17:12:46.436,9.43066,9.43444,1.75,1.50
2015.07.24 17:12:46.744,9.43066,9.43444,1.75,1.50
2015.07.24 17:12:47.178,9.43066,9.43444,1.37,1.50
2015.07.24 17:12:48.152,9.43066,9.43444,1.00,1.50
2015.07.24 17:12:48.253,9.42998,9.43444,1.12,1.50
2015.07.24 17:12:48.980,9.42998,9.43444,1.12,1.50
2015.07.24 17:12:49.031,9.42998,9.43429,1.12,1.00
2015.07.24 17:12:49.565,9.43006,9.43401,1.75,1.00
2015.07.24 17:12:49.668,9.43006,9.43401,1.37,1.00
2015.07.24 17:12:49.821,9.43006,9.43444,1.37,1.50
2015.07.24 17:12:49.922,9.42996,9.43444,1.75,1.50
2015.07.24 17:12:50.228,9.43066,9.43444,1.37,1.50
2015.07.24 17:12:50.635,9.43046,9.43444,1.37,1.50
2015.07.24 17:12:50.686,9.43046,9.43444,1.37,1.50
2015.07.24 17:12:51.215,9.43046,9.43444,1.07,1.50
2015.07.24 17:12:51.461,9.43046,9.43444,1.37,1.50
2015.07.24 17:12:51.664,9.43026,9.43444,1.37,1.50
2015.07.24 17:12:52.604,9.43056,9.43444,1.75,1.50
2015.07.24 17:12:52.655,9.43056,9.43444,1.00,1.50
2015.07.24 17:12:53.469,9.43036,9.43444,1.00,1.50
2015.07.24 17:12:53.949,9.43056,9.43444,1.00,1.50
2015.07.24 17:12:54.259,9.43056,9.43444,1.75,1.50
2015.07.24 17:12:54.449,9.43056,9.43464,1.75,1.50
2015.07.24 17:12:54.991,9.43056,9.43464,1.37,1.50
2015.07.24 17:12:56.127,9.43066,9.43464,1.00,1.50
2015.07.24 17:12:56.393,9.43066,9.43464,1.37,1.50
2015.07.24 17:12:57.400,9.43066,9.43464,1.37,1.50
2015.07.24 17:12:57.451,9.43066,9.43454,1.37,1.50
2015.07.24 17:12:57.964,9.43076,9.43454,1.37,1.50
2015.07.24 17:13:02.037,9.43066,9.43454,1.07,1.50
2015.07.24 17:13:09.446,9.43066,9.43464,1.07,1.50
2015.07.24 17:13:09.998,9.43066,9.43464,1.10,1.50
2015.07.24 17:13:10.052,9.43066,9.43514,1.10,2.25
2015.07.24 17:13:10.103,9.43086,9.43514,1.00,1.50
2015.07.24 17:13:10.409,9.43086,9.43514,1.37,1.50
2015.07.24 17:13:11.749,9.43096,9.43504,1.37,1.50
2015.07.24 17:13:13.207,9.43086,9.43504,1.75,1.50
2015.07.24 17:13:13.690,9.43086,9.43494,1.75,1.50
2015.07.24 17:13:14.081,9.43086,9.43494,1.75,1.50
2015.07.24 17:13:14.233,9.43086,9.43494,1.75,1.50
2015.07.24 17:13:15.155,9.43086,9.43494,1.50,1.50
2015.07.24 17:13:15.206,9.43086,9.43494,1.75,1.50
2015.07.24 17:13:15.517,9.43086,9.43494,1.75,1.50
2015.07.24 17:13:16.185,9.43106,9.43494,1.75,1.50
2015.07.24 17:13:17.610,9.43106,9.43494,1.37,1.50
2015.07.24 17:13:17.946,9.43086,9.43494,1.37,1.50
2015.07.24 17:13:18.200,9.43086,9.43494,1.07,1.87
2015.07.24 17:13:19.122,9.43106,9.43524,1.37,1.50
2015.07.24 17:13:28.989,9.43106,9.43504,1.37,1.50
2015.07.24 17:13:29.966,9.43106,9.43514,1.37,1.50
2015.07.24 17:13:34.229,9.43106,9.43544,1.37,1.50
2015.07.24 17:13:37.337,9.43116,9.43524,1.07,1.50
2015.07.24 17:13:38.020,9.43116,9.43544,1.07,1.50
2015.07.24 17:13:39.977,9.43116,9.43534,1.07,1.50
2015.07.24 17:13:42.067,9.43116,9.43524,1.07,1.50
2015.07.24 17:13:48.007,9.43106,9.43534,1.37,1.50
2015.07.24 17:13:49.030,9.43116,9.43544,1.07,1.50
2015.07.24 17:13:51.966,9.43106,9.43534,1.37,1.50
2015.07.24 17:13:53.067,9.43106,9.43544,1.37,1.50
2015.07.24 17:13:54.371,9.43106,9.43534,1.37,1.50
2015.07.24 17:13:56.070,9.43116,9.43544,1.07,1.50
2015.07.24 17:14:08.142,9.43116,9.43534,1.07,1.50
2015.07.24 17:14:21.054,9.43116,9.43524,1.37,1.50
2015.07.24 17:14:22.007,9.43105,9.43504,1.37,1.50
2015.07.24 17:14:22.986,9.43096,9.43484,1.37,1.50
2015.07.24 17:14:32.589,9.43096,9.43445,1.37,1.00
2015.07.24 17:14:32.894,9.43065,9.43434,1.75,1.00
2015.07.24 17:14:33.266,9.43036,9.43434,1.75,1.00
2015.07.24 17:14:33.317,9.43036,9.43404,1.75,1.50
2015.07.24 17:14:33.977,9.42966,9.43404,1.75,1.50
2015.07.24 17:14:34.028,9.42966,9.43374,1.75,1.50
2015.07.24 17:14:34.368,9.42946,9.43296,1.75,1.00
2015.07.24 17:14:34.673,9.42946,9.43164,1.00,1.50
2015.07.24 17:14:35.185,9.42735,9.43164,1.75,1.50
2015.07.24 17:14:35.389,9.42746,9.43164,1.75,1.50
2015.07.24 17:14:35.440,9.42746,9.43144,1.75,1.00
2015.07.24 17:14:35.874,9.42706,9.43094,1.75,1.50
2015.07.24 17:14:35.925,9.42626,9.43084,1.75,1.00
2015.07.24 17:14:35.976,9.42626,9.43084,1.75,1.00
2015.07.24 17:14:36.128,9.42626,9.43065,1.75,1.00
2015.07.24 17:14:36.382,9.42626,9.43065,1.75,1.00
2015.07.24 17:14:36.433,9.42596,9.43034,1.75,1.00
2015.07.24 17:14:36.736,9.42576,9.43014,1.75,1.00
2015.07.24 17:14:36.889,9.42576,9.42994,1.75,1.50
2015.07.24 17:14:37.509,9.42546,9.42994,1.75,1.50
2015.07.24 17:14:37.610,9.4253,9.42974,1.12,1.50
2015.07.24 17:14:37.661,9.4253,9.42944,1.12,1.00
2015.07.24 17:14:37.712,9.4253,9.42944,1.12,1.00
2015.07.24 17:14:37.763,9.4253,9.42924,1.12,1.00
2015.07.24 17:14:37.814,9.42528,9.42924,1.12,1.00
2015.07.24 17:14:38.289,9.42505,9.42924,1.75,1.00
2015.07.24 17:14:38.646,9.42505,9.42945,1.75,1.37
2015.07.24 17:14:39.135,9.42506,9.42924,1.75,1.00
2015.07.24 17:14:43.951,9.42506,9.42934,1.75,1.00
2015.07.24 17:14:44.002,9.42506,9.42954,1.75,1.00
2015.07.24 17:14:44.338,9.42536,9.42964,1.75,2.25
2015.07.24 17:14:44.902,9.42566,9.42914,1.75,1.00
2015.07.24 17:14:45.662,9.42731,9.42984,1.00,1.50
2015.07.24 17:14:45.966,9.42746,9.42994,1.75,1.00
2015.07.24 17:14:46.068,9.42746,9.43134,1.75,1.87
2015.07.24 17:14:46.169,9.42746,9.43134,1.82,1.50
2015.07.24 17:14:46.515,9.42802,9.43134,1.12,1.50
2015.07.24 17:14:46.769,9.4283,9.43214,1.12,1.50
2015.07.24 17:14:46.972,9.42858,9.43214,1.12,1.50
2015.07.24 17:14:47.125,9.42857,9.43254,1.12,1.42
2015.07.24 17:14:47.379,9.42852,9.43254,1.12,1.42
2015.07.24 17:14:47.758,9.42836,9.43254,1.82,1.49
2015.07.24 17:14:48.140,9.42852,9.43244,1.12,1.69
2015.07.24 17:14:48.693,9.42846,9.43244,1.12,1.76
2015.07.24 17:14:49.685,9.42857,9.43254,1.12,2.61
2015.07.24 17:14:51.195,9.42858,9.43225,1.12,1.50
2015.07.24 17:14:54.131,9.42858,9.43234,1.12,1.50
2015.07.24 17:14:59.116,9.42858,9.43225,1.12,1.50
2015.07.24 17:15:00.483,9.42864,9.43225,1.35,1.50
2015.07.24 17:15:01.084,9.42871,9.43254,1.35,2.77
2015.07.24 17:15:02.796,9.42886,9.43254,1.35,2.77
2015.07.24 17:15:02.907,9.4288,9.43254,1.35,2.77
2015.07.24 17:15:07.177,9.42877,9.43254,1.05,1.27
2015.07.24 17:15:07.329,9.42877,9.43234,1.05,1.50
2015.07.24 17:15:07.683,9.42873,9.43254,1.12,1.21
2015.07.24 17:15:07.936,9.42866,9.43264,1.75,2.14
2015.07.24 17:15:08.647,9.42856,9.43264,1.12,2.14
2015.07.24 17:15:08.930,9.42855,9.43264,1.12,2.14
2015.07.24 17:15:09.191,9.42851,9.43244,1.12,1.69
2015.07.24 17:15:09.368,9.42856,9.43244,1.12,1.69
2015.07.24 17:15:10.205,9.42856,9.43204,1.12,1.50
2015.07.24 17:15:10.466,9.42846,9.43204,1.12,1.50
2015.07.24 17:15:13.277,9.42846,9.43214,1.12,1.50
2015.07.24 17:15:14.247,9.42846,9.43174,1.12,1.50
2015.07.24 17:15:14.652,9.42823,9.43174,1.12,1.50
2015.07.24 17:15:15.107,9.42851,9.43174,1.12,1.50
2015.07.24 17:15:15.502,9.42852,9.43164,1.12,1.50
2015.07.24 17:15:15.805,9.42852,9.43164,1.12,1.50
2015.07.24 17:15:15.856,9.42852,9.43164,1.12,1.50
2015.07.24 17:15:15.966,9.42822,9.43164,1.12,1.50
2015.07.24 17:15:16.663,9.42822,9.43174,1.12,1.50
2015.07.24 17:15:17.587,9.42822,9.43174,1.12,1.50
2015.07.24 17:15:18.084,9.42846,9.43235,1.12,1.00
2015.07.24 17:15:18.967,9.42847,9.43235,1.12,1.00
2015.07.24 17:15:19.393,9.42856,9.43235,1.12,1.00
2015.07.24 17:15:19.444,9.42885,9.43255,1.07,1.32
2015.07.24 17:15:19.706,9.42885,9.43255,1.37,1.32
2015.07.24 17:15:21.467,9.42885,9.43255,1.75,1.32
2015.07.24 17:15:21.726,9.42876,9.43255,1.37,1.32
2015.07.24 17:15:26.814,9.42895,9.43255,1.75,1.32
2015.07.24 17:15:26.866,9.42895,9.43354,1.75,1.50
2015.07.24 17:15:27.193,9.42895,9.43354,1.07,1.50
2015.07.24 17:15:27.694,9.42916,9.43354,1.00,1.50
2015.07.24 17:15:27.796,9.42916,9.43384,1.00,1.50
2015.07.24 17:15:28.199,9.42916,9.43384,1.37,1.50
2015.07.24 17:15:30.897,9.42936,9.43394,1.37,1.57
2015.07.24 17:15:30.948,9.42936,9.43394,1.12,1.50
2015.07.24 17:15:31.050,9.42936,9.43394,1.75,1.50
2015.07.24 17:15:31.845,9.42946,9.43384,1.50,1.50
2015.07.24 17:15:41.088,9.42956,9.43384,1.00,1.50
2015.07.24 17:15:41.575,9.42956,9.43384,1.37,1.50
2015.07.24 17:15:41.906,9.42956,9.43374,1.37,1.50
2015.07.24 17:15:41.957,9.42956,9.43374,1.00,1.50
2015.07.24 17:15:42.197,9.42946,9.43374,1.07,1.50
2015.07.24 17:15:42.863,9.42946,9.43384,1.07,1.50
2015.07.24 17:15:48.653,9.42946,9.43384,1.07,1.50
2015.07.24 17:15:49.233,9.42946,9.43384,1.00,1.50
2015.07.24 17:15:54.700,9.42946,9.43384,1.07,1.50
2015.07.24 17:15:55.373,9.42946,9.43384,1.00,1.50
2015.07.24 17:15:55.905,9.42945,9.43384,1.00,1.50
2015.07.24 17:15:56.656,9.42946,9.43384,1.00,1.50
2015.07.24 17:15:57.444,9.42936,9.43384,1.37,1.50
2015.07.24 17:15:57.810,9.42936,9.43374,1.37,1.50
2015.07.24 17:15:57.912,9.42936,9.43374,1.07,1.50
2015.07.24 17:15:58.217,9.42906,9.43374,1.00,1.57
2015.07.24 17:15:58.268,9.42894,9.43374,1.07,1.57
2015.07.24 17:15:58.886,9.42894,9.43334,1.37,1.50
2015.07.24 17:15:59.815,9.42894,9.43345,1.37,1.50
2015.07.24 17:16:00.232,9.42881,9.43345,1.07,1.50
2015.07.24 17:16:01.187,9.42873,9.43345,1.37,1.50
2015.07.24 17:16:01.616,9.42873,9.43345,1.00,1.50
2015.07.24 17:16:02.488,9.4287,9.43345,1.00,1.50
2015.07.24 17:16:02.843,9.4287,9.43345,1.07,1.50
2015.07.24 17:16:02.944,9.4287,9.43324,1.00,1.50
2015.07.24 17:16:04.427,9.4287,9.43334,1.00,1.50
2015.07.24 17:16:04.867,9.4287,9.43325,1.00,1.50
2015.07.24 17:16:05.835,9.4287,9.43334,1.00,1.50
2015.07.24 17:16:06.825,9.4287,9.43314,1.00,1.50
2015.07.24 17:16:10.788,9.4287,9.43304,1.00,1.50
2015.07.24 17:16:11.830,9.4287,9.43354,1.00,1.50
2015.07.24 17:16:12.504,9.4285,9.43354,1.07,1.50
2015.07.24 17:16:12.555,9.42837,9.43395,1.00,1.57
2015.07.24 17:16:12.606,9.42831,9.43344,1.00,1.00
2015.07.24 17:16:13.338,9.42776,9.43339,1.07,1.00
2015.07.24 17:16:13.561,9.42776,9.43274,1.07,1.50
2015.07.24 17:16:13.957,9.42776,9.43274,1.00,1.50
2015.07.24 17:16:14.553,9.42776,9.43274,1.00,1.57
2015.07.24 17:16:16.062,9.42776,9.43274,1.00,1.50
2015.07.24 17:16:17.542,9.42736,9.4325,1.00,1.00
2015.07.24 17:16:17.593,9.42714,9.4325,1.07,1.00
2015.07.24 17:16:17.644,9.42706,9.43227,1.57,1.00
2015.07.24 17:16:17.696,9.42706,9.43227,1.50,1.07
2015.07.24 17:16:17.748,9.42676,9.43194,1.07,1.50
2015.07.24 17:16:17.799,9.42676,9.43194,1.00,1.50
2015.07.24 17:16:18.257,9.42676,9.43194,1.07,1.50
2015.07.24 17:16:18.719,9.42676,9.43164,1.07,1.50
2015.07.24 17:16:19.733,9.42676,9.43174,1.07,1.50
2015.07.24 17:16:20.735,9.42659,9.43164,1.57,1.50
2015.07.24 17:16:21.947,9.42676,9.43184,1.07,1.50
2015.07.24 17:16:22.667,9.42676,9.43164,1.00,1.50
2015.07.24 17:16:22.819,9.42659,9.43164,1.00,1.50
2015.07.24 17:16:23.269,9.42659,9.43134,1.00,1.50
2015.07.24 17:16:23.320,9.42623,9.43134,1.00,1.50
2015.07.24 17:16:23.422,9.42623,9.43134,1.37,1.50
2015.07.24 17:16:23.978,9.42623,9.43134,1.07,1.50
2015.07.24 17:16:24.289,9.42589,9.43124,1.37,1.50
2015.07.24 17:16:27.953,9.42558,9.43128,1.75,1.00
2015.07.24 17:16:28.267,9.42558,9.43128,1.37,1.00
2015.07.24 17:16:28.694,9.42558,9.43128,1.37,1.00
2015.07.24 17:16:29.034,9.42558,9.43084,1.37,1.50
2015.07.24 17:16:29.730,9.42494,9.43024,1.37,1.50
2015.07.24 17:16:30.035,9.42494,9.43024,1.75,1.50
2015.07.24 17:16:30.580,9.42463,9.42975,1.75,1.50
2015.07.24 17:16:30.682,9.42463,9.42975,1.37,1.50
2015.07.24 17:16:31.595,9.42463,9.42975,1.37,1.50
2015.07.24 17:16:31.880,9.42463,9.42975,1.75,1.50
2015.07.24 17:16:32.194,9.42463,9.42975,1.75,1.50
2015.07.24 17:16:32.434,9.42463,9.42975,1.37,1.50
2015.07.24 17:16:32.886,9.4253,9.42975,1.75,1.50
2015.07.24 17:16:32.988,9.4255,9.43024,1.00,1.50
2015.07.24 17:16:33.306,9.42426,9.42974,2.25,1.50
2015.07.24 17:16:33.408,9.42426,9.42974,1.00,1.50
2015.07.24 17:16:33.459,9.42406,9.42969,1.50,1.00
2015.07.24 17:16:33.561,9.42395,9.42914,1.00,1.50
2015.07.24 17:16:33.663,9.42362,9.42914,1.00,1.50
2015.07.24 17:16:33.956,9.42362,9.42914,1.75,1.50
2015.07.24 17:16:34.491,9.42403,9.42914,1.37,1.50
2015.07.24 17:16:34.896,9.42371,9.42904,1.75,1.50
2015.07.24 17:16:35.524,9.42337,9.42874,1.75,1.50
2015.07.24 17:16:36.420,9.42369,9.42874,1.37,1.50
2015.07.24 17:16:36.715,9.42426,9.42874,1.20,1.50
2015.07.24 17:16:36.816,9.42396,9.42874,1.37,1.50
2015.07.24 17:16:37.166,9.42405,9.42874,1.37,1.50
2015.07.24 17:16:37.475,9.42374,9.42904,1.75,1.50
2015.07.24 17:16:38.727,9.42374,9.42904,1.37,1.50
2015.07.24 17:16:39.775,9.42354,9.42894,1.37,1.50
2015.07.24 17:16:41.452,9.42376,9.42874,1.37,1.50
2015.07.24 17:16:42.425,9.42376,9.42894,1.37,1.50
2015.07.24 17:16:42.877,9.42326,9.42854,1.75,1.50
2015.07.24 17:16:43.131,9.42305,9.42849,1.75,1.00
2015.07.24 17:16:43.284,9.42306,9.42854,1.75,1.50
2015.07.24 17:16:43.437,9.42306,9.42854,1.75,1.50
2015.07.24 17:16:43.643,9.42306,9.42854,1.07,1.50
2015.07.24 17:16:44.058,9.42306,9.42814,1.07,1.50
2015.07.24 17:16:44.440,9.42306,9.42814,1.75,1.50
2015.07.24 17:16:44.734,9.42306,9.42814,1.37,1.50
2015.07.24 17:16:45.077,9.42262,9.42795,1.75,1.50
2015.07.24 17:16:45.397,9.42262,9.42795,1.37,1.50
2015.07.24 17:16:45.729,9.42262,9.42795,1.07,1.50
2015.07.24 17:16:45.780,9.42278,9.42795,1.00,1.50
2015.07.24 17:16:45.882,9.42211,9.42785,1.37,1.00
2015.07.24 17:16:46.498,9.42211,9.42704,1.37,1.50
2015.07.24 17:16:46.752,9.42178,9.42704,1.37,1.50
2015.07.24 17:16:46.956,9.42178,9.42704,1.00,1.50
2015.07.24 17:16:47.007,9.42234,9.42704,1.00,1.50
2015.07.24 17:16:47.379,9.42122,9.42654,1.07,1.50
2015.07.24 17:16:48.081,9.42122,9.42694,1.07,1.50
2015.07.24 17:16:48.183,9.42117,9.42664,1.12,1.00
2015.07.24 17:16:48.284,9.42144,9.42694,1.07,1.50
2015.07.24 17:16:48.386,9.42114,9.42688,1.07,1.00
2015.07.24 17:16:48.589,9.42076,9.4265,1.37,1.00
2015.07.24 17:16:48.977,9.42076,9.4265,1.07,1.00
2015.07.24 17:16:49.031,9.42076,9.42594,1.07,1.50
2015.07.24 17:16:49.358,9.42106,9.42594,1.00,1.50
2015.07.24 17:16:49.409,9.4207,9.42594,1.07,1.50
2015.07.24 17:16:49.713,9.42036,9.42594,1.75,1.50
2015.07.24 17:16:50.578,9.42036,9.42574,1.75,1.50
2015.07.24 17:16:50.694,9.42036,9.42574,1.37,1.50
2015.07.24 17:16:51.015,9.42056,9.42554,1.37,1.50
2015.07.24 17:16:51.375,9.42176,9.42554,1.00,1.50
2015.07.24 17:16:51.478,9.42083,9.42624,1.82,1.50
2015.07.24 17:16:51.530,9.42083,9.42624,1.07,1.50
2015.07.24 17:16:51.795,9.42061,9.42624,1.75,1.50
2015.07.24 17:16:52.585,9.42061,9.42574,1.75,1.50
2015.07.24 17:16:53.704,9.42143,9.42574,1.00,1.50
2015.07.24 17:16:53.805,9.42054,9.42574,1.37,1.50
2015.07.24 17:16:54.529,9.42014,9.42534,1.75,1.50
2015.07.24 17:16:55.368,9.42026,9.42534,1.37,1.50
2015.07.24 17:16:55.529,9.41995,9.42569,1.75,1.00
2015.07.24 17:16:55.926,9.42076,9.42569,1.00,1.00
2015.07.24 17:16:56.128,9.42103,9.42614,1.00,1.50
2015.07.24 17:16:56.179,9.42083,9.42614,1.00,1.50
2015.07.24 17:16:56.230,9.42069,9.42614,1.07,1.50
2015.07.24 17:16:56.281,9.42049,9.42611,1.07,1.00
2015.07.24 17:16:56.332,9.42037,9.42611,1.37,1.00
2015.07.24 17:16:56.536,9.42037,9.42534,1.37,1.50
2015.07.24 17:16:56.638,9.42037,9.42534,1.00,1.50
2015.07.24 17:16:56.914,9.42037,9.42534,1.75,1.50
2015.07.24 17:16:57.220,9.42171,9.42534,1.52,1.50
2015.07.24 17:16:57.423,9.42441,9.42664,1.63,1.50
2015.07.24 17:16:57.939,9.42441,9.42824,1.60,2.25
2015.07.24 17:16:58.261,9.42441,9.42824,1.60,2.25
2015.07.24 17:16:58.413,9.42441,9.42874,2.09,2.25
2015.07.24 17:16:58.535,9.42441,9.42874,2.09,1.57
2015.07.24 17:16:58.746,9.42441,9.42874,2.09,1.50
2015.07.24 17:16:58.949,9.42441,9.42924,1.86,1.50
2015.07.24 17:16:59.000,9.4247,9.42924,1.00,1.50
2015.07.24 17:16:59.051,9.4247,9.42974,1.00,1.57
2015.07.24 17:16:59.102,9.42505,9.42974,1.00,1.57
2015.07.24 17:16:59.988,9.42485,9.42974,1.00,1.50
2015.07.24 17:17:00.039,9.42476,9.42934,1.00,1.50
2015.07.24 17:17:00.145,9.42446,9.42934,1.00,1.50
2015.07.24 17:17:00.450,9.42426,9.42934,1.07,1.50
2015.07.24 17:17:02.027,9.42396,9.42924,1.37,1.50
2015.07.24 17:17:02.129,9.42396,9.42924,1.10,1.50
2015.07.24 17:17:03.553,9.42396,9.42924,1.70,1.50
2015.07.24 17:17:03.858,9.42472,9.42924,1.07,1.50
2015.07.24 17:17:04.028,9.42472,9.43014,1.07,1.50
2015.07.24 17:17:04.132,9.42504,9.43014,1.00,1.50
2015.07.24 17:17:04.436,9.42504,9.43014,1.37,1.50
2015.07.24 17:17:04.813,9.42534,9.43044,1.37,1.00
2015.07.24 17:17:05.388,9.42615,9.43054,1.00,1.50
2015.07.24 17:17:05.540,9.42615,9.43075,1.00,1.50
2015.07.24 17:17:05.642,9.42626,9.43075,1.00,1.50
2015.07.24 17:17:06.262,9.42596,9.43075,1.00,1.50
2015.07.24 17:17:06.415,9.42606,9.43075,1.00,1.50
2015.07.24 17:17:06.516,9.42606,9.43104,1.00,1.50
2015.07.24 17:17:06.719,9.42616,9.43104,1.00,1.50
2015.07.24 17:17:07.042,9.42616,9.43104,1.07,1.50
2015.07.24 17:17:07.504,9.42616,9.43085,1.07,1.50
2015.07.24 17:17:07.959,9.42606,9.43085,1.00,1.50
2015.07.24 17:17:09.601,9.42616,9.43085,1.00,1.50
2015.07.24 17:17:09.908,9.42616,9.43085,1.07,1.50
2015.07.24 17:17:10.805,9.42627,9.43144,1.07,1.50
2015.07.24 17:17:11.206,9.42627,9.43144,1.37,1.50
2015.07.24 17:17:15.425,9.42606,9.43134,1.75,1.00
2015.07.24 17:17:15.526,9.4268,9.43144,1.37,1.50
2015.07.24 17:17:15.780,9.4268,9.43154,1.37,1.50
2015.07.24 17:17:16.527,9.4271,9.43154,1.37,1.50
2015.07.24 17:17:16.965,9.4271,9.43214,1.37,1.50
2015.07.24 17:17:18.325,9.4271,9.43214,1.75,1.50
2015.07.24 17:17:19.502,9.42711,9.43234,1.75,1.50
2015.07.24 17:17:21.734,9.42718,9.43174,1.37,1.00
2015.07.24 17:17:21.937,9.4267,9.43204,1.75,1.50
2015.07.24 17:17:22.708,9.4267,9.43174,1.37,1.50
2015.07.24 17:17:27.246,9.42676,9.43174,1.37,1.50
2015.07.24 17:17:27.463,9.42676,9.43174,1.75,1.50
2015.07.24 17:17:27.766,9.42676,9.43174,1.75,1.50
2015.07.24 17:17:28.645,9.42697,9.43174,1.37,1.50
2015.07.24 17:17:28.696,9.42697,9.43174,1.37,1.50
2015.07.24 17:17:28.748,9.42697,9.43204,1.37,1.00
2015.07.24 17:17:28.968,9.42697,9.43224,1.37,1.50
2015.07.24 17:17:29.194,9.42697,9.43224,1.37,1.50
2015.07.24 17:17:30.006,9.42697,9.43224,1.37,1.50
2015.07.24 17:17:30.733,9.42697,9.43224,1.37,1.50
2015.07.24 17:17:30.966,9.42697,9.43164,1.37,1.00
2015.07.24 17:17:31.270,9.42536,9.42844,1.75,1.50
2015.07.24 17:17:31.422,9.42536,9.42844,1.75,1.50
2015.07.24 17:17:31.776,9.42536,9.43044,1.75,1.50
2015.07.24 17:17:32.734,9.42596,9.43044,1.75,1.50
2015.07.24 17:17:33.213,9.42626,9.43044,1.37,1.50
2015.07.24 17:17:33.517,9.42626,9.43044,1.07,1.50
2015.07.24 17:17:33.734,9.42626,9.43044,1.07,1.50
2015.07.24 17:17:34.039,9.42626,9.43094,1.75,1.50
2015.07.24 17:17:35.003,9.42626,9.43114,1.75,1.50
2015.07.24 17:17:37.684,9.42636,9.43114,1.75,1.50
2015.07.24 17:17:38.099,9.42636,9.43084,1.75,1.50
2015.07.24 17:17:39.064,9.42626,9.43084,1.75,1.50
2015.07.24 17:17:39.525,9.42626,9.43084,1.75,1.50
2015.07.24 17:17:41.005,9.42636,9.43084,1.75,1.50
2015.07.24 17:17:41.056,9.42636,9.43094,1.75,1.50
2015.07.24 17:17:41.413,9.42636,9.43094,1.75,1.50
2015.07.24 17:17:43.034,9.42646,9.43084,1.75,1.50
2015.07.24 17:17:47.030,9.42636,9.43104,1.75,1.50
2015.07.24 17:17:50.020,9.42636,9.43104,1.37,1.50
2015.07.24 17:17:50.122,9.42636,9.43114,1.37,1.50
2015.07.24 17:17:50.225,9.42636,9.43114,1.75,1.50
2015.07.24 17:17:51.115,9.4264,9.43134,1.75,1.50
2015.07.24 17:17:51.648,9.42637,9.43134,1.75,1.50
2015.07.24 17:17:51.963,9.42637,9.43134,1.75,1.50
2015.07.24 17:17:52.065,9.42637,9.43114,1.75,1.50
2015.07.24 17:17:53.077,9.42646,9.43104,1.75,1.50
2015.07.24 17:17:53.753,9.42646,9.43104,1.37,1.50
2015.07.24 17:17:54.074,9.42646,9.43094,1.37,1.50
2015.07.24 17:17:54.734,9.42636,9.43094,1.75,1.50
2015.07.24 17:17:55.038,9.42636,9.42984,1.75,1.50
2015.07.24 17:17:55.898,9.42605,9.42984,1.75,1.50
2015.07.24 17:17:55.950,9.42636,9.42984,1.75,1.50
2015.07.24 17:17:56.061,9.42636,9.42954,1.75,1.50
2015.07.24 17:17:57.065,9.42546,9.42954,1.75,1.50
2015.07.24 17:17:58.925,9.42565,9.42954,1.75,1.50
2015.07.24 17:18:00.083,9.42576,9.42945,1.75,1.50
2015.07.24 17:18:02.634,9.42576,9.42945,1.37,1.50
2015.07.24 17:18:11.083,9.42555,9.42934,1.75,1.50
2015.07.24 17:18:14.073,9.42566,9.42934,1.37,1.50
2015.07.24 17:18:17.749,9.42556,9.42934,1.37,1.50
2015.07.24 17:18:17.813,9.42556,9.42934,1.00,1.50
2015.07.24 17:18:17.965,9.42556,9.42934,1.07,1.50
2015.07.24 17:18:18.269,9.42526,9.42924,1.07,1.50
2015.07.24 17:18:19.038,9.42526,9.42934,1.07,1.50
2015.07.24 17:18:19.140,9.42526,9.42934,1.37,1.50
2015.07.24 17:18:19.717,9.42546,9.42934,1.37,1.50
2015.07.24 17:18:19.929,9.42546,9.42934,1.00,1.50
2015.07.24 17:18:20.588,9.42516,9.42934,1.07,1.50
2015.07.24 17:18:21.103,9.42516,9.42904,1.07,1.50
2015.07.24 17:18:21.443,9.42516,9.42904,1.37,1.50
2015.07.24 17:18:21.898,9.42516,9.42904,1.37,1.50
2015.07.24 17:18:22.181,9.42516,9.42894,1.37,1.50
2015.07.24 17:18:23.116,9.42496,9.42884,1.37,1.50
2015.07.24 17:18:23.689,9.42496,9.42884,1.75,1.50
2015.07.24 17:18:24.071,9.42496,9.42874,1.75,1.50
2015.07.24 17:18:24.193,9.42496,9.42874,1.37,1.50
2015.07.24 17:18:24.548,9.42496,9.42874,1.07,1.50
2015.07.24 17:18:25.128,9.42496,9.42884,1.07,1.50
2015.07.24 17:18:25.425,9.42506,9.42884,1.37,1.50
2015.07.24 17:18:26.205,9.42506,9.42884,1.07,1.50
2015.07.24 17:18:26.307,9.42506,9.42924,1.07,1.50
2015.07.24 17:18:26.408,9.42506,9.42924,1.37,1.50
2015.07.24 17:18:26.912,9.42576,9.42924,1.00,1.50
2015.07.24 17:18:27.282,9.42576,9.42924,1.07,1.50
2015.07.24 17:18:27.481,9.42576,9.42974,1.07,1.50
2015.07.24 17:18:27.734,9.42596,9.42974,1.07,1.50
2015.07.24 17:18:27.937,9.42596,9.42974,1.00,1.50
2015.07.24 17:18:27.988,9.42585,9.42974,1.10,1.50
2015.07.24 17:18:28.570,9.42596,9.42974,1.00,1.50
2015.07.24 17:18:28.625,9.42596,9.43014,1.00,1.50
2015.07.24 17:18:28.727,9.42576,9.43014,1.37,1.50
2015.07.24 17:18:28.936,9.42576,9.43014,1.07,1.50
2015.07.24 17:18:29.090,9.42555,9.43005,1.37,1.00
2015.07.24 17:18:29.294,9.42576,9.43014,1.07,1.50
2015.07.24 17:18:29.497,9.42576,9.43008,1.07,1.00
2015.07.24 17:18:29.835,9.42576,9.42915,1.07,1.50
2015.07.24 17:18:30.140,9.42566,9.42915,1.37,1.50
2015.07.24 17:18:30.494,9.42566,9.42915,1.07,1.50
2015.07.24 17:18:30.698,9.42546,9.42915,1.37,1.50
2015.07.24 17:18:30.800,9.42546,9.42934,1.37,1.50
2015.07.24 17:18:31.893,9.42536,9.42934,1.07,1.50
2015.07.24 17:18:33.696,9.42536,9.42934,1.37,1.50
2015.07.24 17:18:38.950,9.42526,9.42924,1.37,1.50
2015.07.24 17:18:39.003,9.42526,9.42924,1.07,1.50
2015.07.24 17:18:46.792,9.42526,9.42924,1.37,1.50
2015.07.24 17:18:46.843,9.42526,9.42934,1.37,1.50
2015.07.24 17:18:51.495,9.42546,9.42934,1.00,1.50
2015.07.24 17:18:51.596,9.42546,9.42934,1.12,1.50
2015.07.24 17:18:51.699,9.42546,9.42974,1.12,1.50
2015.07.24 17:18:52.183,9.42546,9.42974,1.37,1.50
2015.07.24 17:18:52.497,9.42546,9.42974,1.37,1.87
2015.07.24 17:18:52.649,9.42576,9.42974,1.37,1.50
2015.07.24 17:18:52.701,9.42596,9.42954,1.07,1.50
2015.07.24 17:18:53.700,9.42536,9.42954,1.37,1.50
2015.07.24 17:18:56.674,9.42525,9.42954,1.75,2.25
2015.07.24 17:18:57.206,9.42526,9.42954,1.37,2.25
2015.07.24 17:19:11.860,9.42526,9.42944,1.37,2.25
2015.07.24 17:19:11.962,9.42526,9.42944,1.75,2.25
2015.07.24 17:19:12.482,9.42526,9.42944,1.37,2.25
2015.07.24 17:19:29.936,9.42562,9.42944,1.07,1.50
2015.07.24 17:19:29.987,9.42646,9.42944,1.00,1.50
2015.07.24 17:19:30.292,9.42776,9.43084,1.00,1.50
2015.07.24 17:19:30.394,9.42796,9.43134,1.00,1.50
2015.07.24 17:19:30.648,9.42816,9.43134,1.00,1.50
2015.07.24 17:19:31.063,9.42786,9.43134,1.00,1.50
2015.07.24 17:19:31.114,9.42776,9.43134,1.00,1.50
2015.07.24 17:19:31.735,9.42756,9.43134,1.00,1.50
2015.07.24 17:19:32.154,9.42756,9.43134,1.00,2.25
2015.07.24 17:19:32.507,9.42756,9.43134,1.00,2.25
2015.07.24 17:19:33.454,9.42755,9.43134,1.00,2.25
2015.07.24 17:19:34.030,9.42756,9.43134,1.00,2.25
2015.07.24 17:19:34.233,9.42726,9.43118,1.00,1.00
2015.07.24 17:19:34.486,9.42726,9.43114,1.00,1.50
2015.07.24 17:19:34.790,9.42786,9.43114,1.00,1.87
2015.07.24 17:19:35.437,9.42816,9.43114,1.00,1.50
2015.07.24 17:19:35.590,9.42816,9.43174,1.75,1.50
2015.07.24 17:19:35.641,9.42855,9.43174,1.00,1.50
2015.07.24 17:19:35.945,9.42866,9.43174,1.00,1.50
2015.07.24 17:19:36.615,9.42916,9.43204,1.00,1.50
2015.07.24 17:19:36.670,9.42916,9.43274,1.00,1.50
2015.07.24 17:19:36.772,9.42926,9.43334,1.00,1.50
2015.07.24 17:19:36.873,9.42966,9.43334,1.00,1.50
2015.07.24 17:19:36.925,9.42966,9.43374,1.00,1.57
2015.07.24 17:19:37.077,9.42976,9.43374,1.00,1.57
2015.07.24 17:19:37.453,9.42996,9.43374,1.00,1.50
2015.07.24 17:19:38.285,9.43106,9.43374,1.00,1.50
2015.07.24 17:19:38.336,9.43106,9.43494,1.50,1.87
2015.07.24 17:19:38.669,9.43126,9.43494,1.00,1.50
2015.07.24 17:19:38.720,9.43146,9.43494,1.00,1.50
2015.07.24 17:19:38.772,9.43146,9.43564,1.00,1.57
2015.07.24 17:19:38.823,9.43166,9.43564,1.00,1.57
2015.07.24 17:19:39.127,9.43176,9.43564,1.00,1.57
2015.07.24 17:19:39.294,9.43166,9.43564,1.00,1.57
2015.07.24 17:19:39.346,9.43166,9.43564,1.00,1.50
2015.07.24 17:19:39.701,9.43166,9.43564,1.00,1.57
2015.07.24 17:19:40.047,9.43196,9.43564,1.00,1.50
2015.07.24 17:19:40.434,9.43196,9.43561,1.00,1.00
2015.07.24 17:19:40.536,9.43156,9.43561,1.00,1.00
2015.07.24 17:19:40.587,9.43156,9.43564,1.00,1.50
2015.07.24 17:19:40.638,9.43156,9.43564,1.75,1.50
2015.07.24 17:19:40.943,9.43216,9.43564,1.00,1.50
2015.07.24 17:19:40.994,9.43216,9.43594,1.00,1.07
2015.07.24 17:19:41.096,9.43216,9.43604,1.00,1.00
2015.07.24 17:19:41.617,9.43216,9.43615,1.00,1.50
2015.07.24 17:19:41.934,9.43156,9.43613,1.50,1.75
2015.07.24 17:19:42.187,9.43156,9.43594,2.25,1.57
2015.07.24 17:19:42.238,9.43226,9.43594,1.00,1.57
2015.07.24 17:19:42.440,9.43166,9.43584,1.00,1.37
2015.07.24 17:19:42.542,9.43155,9.43584,1.00,1.75
2015.07.24 17:19:42.745,9.43156,9.43584,1.00,1.37
2015.07.24 17:19:42.952,9.43176,9.43554,1.00,1.57
2015.07.24 17:19:43.104,9.43185,9.43554,1.00,1.50
2015.07.24 17:19:43.256,9.43236,9.43554,1.00,1.50
2015.07.24 17:19:43.307,9.43236,9.43604,1.00,1.50
2015.07.24 17:19:43.740,9.43225,9.43604,1.00,1.57
2015.07.24 17:19:43.943,9.43196,9.43604,1.00,1.87
2015.07.24 17:19:44.044,9.43186,9.43604,1.00,1.87
2015.07.24 17:19:44.264,9.43196,9.43594,1.00,1.87
2015.07.24 17:19:44.734,9.43196,9.43594,1.00,1.57
2015.07.24 17:19:44.937,9.43166,9.43594,1.00,1.87
2015.07.24 17:19:45.432,9.43185,9.43587,1.00,1.37
2015.07.24 17:19:45.483,9.43185,9.43587,1.00,1.07
2015.07.24 17:19:46.022,9.43186,9.43587,1.00,1.00
2015.07.24 17:19:46.175,9.43215,9.43594,1.00,2.32
2015.07.24 17:19:46.519,9.43225,9.43594,1.00,1.07
2015.07.24 17:19:46.773,9.43196,9.43594,1.00,1.07
2015.07.24 17:19:46.976,9.43226,9.43594,1.00,1.07
2015.07.24 17:19:48.213,9.43195,9.43604,1.37,1.07
2015.07.24 17:19:48.367,9.43196,9.43584,1.12,1.50
2015.07.24 17:19:48.696,9.43216,9.43584,1.00,1.50
2015.07.24 17:19:49.752,9.43215,9.43584,1.00,1.50
2015.07.24 17:19:50.658,9.43216,9.43584,1.00,1.50
2015.07.24 17:19:54.372,9.43215,9.43584,1.00,1.50
2015.07.24 17:19:54.985,9.43216,9.43584,1.00,1.50
2015.07.24 17:19:56.176,9.43215,9.43584,1.00,1.50
2015.07.24 17:19:56.899,9.43216,9.43584,1.00,1.50
2015.07.24 17:19:58.624,9.43156,9.43584,1.00,1.50
2015.07.24 17:19:58.733,9.43136,9.43584,1.00,2.25
2015.07.24 17:19:58.785,9.43136,9.43584,1.75,2.25
2015.07.24 17:19:59.171,9.43186,9.43584,1.00,2.32
2015.07.24 17:19:59.942,9.43185,9.43584,1.00,1.57
2015.07.24 17:20:00.623,9.43186,9.43584,1.00,1.57
2015.07.24 17:20:01.137,9.43185,9.43584,1.12,1.57
2015.07.24 17:20:01.729,9.43186,9.43584,1.00,1.57
2015.07.24 17:20:02.275,9.43185,9.43584,1.00,1.57
2015.07.24 17:20:02.784,9.43186,9.43584,1.00,1.57
2015.07.24 17:20:03.545,9.43185,9.43584,1.00,1.57
2015.07.24 17:20:04.088,9.43186,9.43584,1.00,1.57
2015.07.24 17:20:04.596,9.43185,9.43584,1.00,1.57
2015.07.24 17:20:05.241,9.43186,9.43584,1.00,1.57
2015.07.24 17:20:06.123,9.43186,9.43584,1.37,1.57
2015.07.24 17:20:06.275,9.43216,9.43594,1.00,1.07
2015.07.24 17:20:09.956,9.43215,9.43594,1.00,2.32
2015.07.24 17:20:10.458,9.43216,9.43594,1.00,2.32
2015.07.24 17:20:10.610,9.43216,9.43594,1.00,1.57
2015.07.24 17:20:11.144,9.43144,9.43594,1.37,2.62
2015.07.24 17:20:11.513,9.43155,9.43575,1.00,1.87
2015.07.24 17:20:11.923,9.43156,9.43575,1.00,1.87
2015.07.24 17:20:11.974,9.43186,9.43575,1.00,1.87
2015.07.24 17:20:13.017,9.43176,9.43584,1.00,1.87
2015.07.24 17:20:13.370,9.43186,9.43584,1.00,1.87
2015.07.24 17:20:14.184,9.43216,9.43584,1.00,1.57
2015.07.24 17:20:14.876,9.43196,9.43594,1.00,1.07
2015.07.24 17:20:14.978,9.43186,9.43594,1.12,1.37
2015.07.24 17:20:15.775,9.43216,9.43604,1.00,1.07
2015.07.24 17:20:16.483,9.43215,9.43594,1.00,1.57
2015.07.24 17:20:16.985,9.43216,9.43594,1.00,1.57
2015.07.24 17:20:17.648,9.43216,9.43594,1.00,1.57
2015.07.24 17:20:17.751,9.43216,9.43594,1.00,1.57
2015.07.24 17:20:18.916,9.43196,9.43594,1.75,1.57
2015.07.24 17:20:18.967,9.43196,9.43594,1.75,1.87
2015.07.24 17:20:19.378,9.43186,9.43585,1.37,1.87
2015.07.24 17:20:19.961,9.43186,9.43585,1.37,1.50
2015.07.24 17:20:20.410,9.43186,9.43585,1.00,1.57
2015.07.24 17:20:20.713,9.43186,9.43585,1.75,1.57
2015.07.24 17:20:24.547,9.43186,9.43584,1.00,1.07
2015.07.24 17:20:24.801,9.43186,9.43584,1.00,1.37
2015.07.24 17:20:25.105,9.43186,9.43584,1.00,1.37
2015.07.24 17:20:26.733,9.43185,9.43585,1.00,1.87
2015.07.24 17:20:27.881,9.43186,9.43585,1.00,1.87
2015.07.24 17:20:31.229,9.43186,9.43574,1.00,1.57
2015.07.24 17:20:32.238,9.43186,9.43584,1.00,1.87
2015.07.24 17:20:32.677,9.43186,9.43584,1.00,1.50
2015.07.24 17:20:33.460,9.43186,9.43584,1.00,2.32
2015.07.24 17:20:33.881,9.43186,9.43584,1.00,2.32
2015.07.24 17:20:34.684,9.43185,9.43584,1.00,1.57
2015.07.24 17:20:35.185,9.43186,9.43584,1.00,1.57
2015.07.24 17:20:36.413,9.43185,9.43584,1.00,1.57
2015.07.24 17:20:36.961,9.43186,9.43584,1.00,1.87
2015.07.24 17:20:37.741,9.43186,9.43584,1.00,1.57
2015.07.24 17:20:38.505,9.43185,9.43584,1.00,1.57
2015.07.24 17:20:39.319,9.43186,9.43584,1.00,1.57
2015.07.24 17:20:39.491,9.43186,9.43584,1.00,1.57
2015.07.24 17:20:39.733,9.43186,9.43584,1.00,1.57
2015.07.24 17:20:42.152,9.43185,9.43584,1.00,1.57
2015.07.24 17:20:42.841,9.43186,9.43584,1.00,1.57
2015.07.24 17:20:43.544,9.43185,9.43584,1.00,1.57
2015.07.24 17:20:44.077,9.43186,9.43584,1.00,1.57
2015.07.24 17:20:44.444,9.43215,9.43584,1.00,1.57
2015.07.24 17:20:44.748,9.43236,9.43584,1.00,1.57
2015.07.24 17:20:45.092,9.43266,9.43594,1.00,1.07
2015.07.24 17:20:45.348,9.43236,9.43594,1.00,1.07
2015.07.24 17:20:45.449,9.43236,9.43594,1.00,1.00
2015.07.24 17:20:45.652,9.43236,9.43594,1.00,1.37
2015.07.24 17:20:45.956,9.43246,9.43664,1.00,2.25
2015.07.24 17:20:46.303,9.43235,9.43664,1.00,2.25
2015.07.24 17:20:46.662,9.43236,9.43664,1.00,2.25
2015.07.24 17:20:47.351,9.43235,9.43664,1.00,2.25
2015.07.24 17:20:47.862,9.43236,9.43664,1.00,2.25
2015.07.24 17:20:51.725,9.43236,9.43664,1.00,1.87
2015.07.24 17:20:54.936,9.43236,9.43664,1.00,2.25
2015.07.24 17:20:55.237,9.43236,9.43664,1.00,1.87
2015.07.24 17:20:58.902,9.43256,9.43664,1.00,1.87
2015.07.24 17:20:59.364,9.43266,9.43664,1.00,1.87
2015.07.24 17:21:00.105,9.43266,9.43641,1.00,1.00
2015.07.24 17:21:00.206,9.43236,9.43684,1.00,2.62
2015.07.24 17:21:00.423,9.43256,9.43642,1.00,1.07
2015.07.24 17:21:00.757,9.43266,9.43642,1.00,1.00
2015.07.24 17:21:01.337,9.43265,9.43642,1.00,1.00
2015.07.24 17:21:01.388,9.43265,9.43642,1.00,1.07
2015.07.24 17:21:01.912,9.43266,9.43642,1.00,1.07
2015.07.24 17:21:03.690,9.43266,9.43642,1.00,1.00
2015.07.24 17:21:04.798,9.43265,9.43642,1.00,1.00
2015.07.24 17:21:05.329,9.43266,9.43642,1.00,1.00
2015.07.24 17:21:06.711,9.43266,9.43642,1.00,1.07
2015.07.24 17:21:06.936,9.43256,9.43642,1.00,1.07
2015.07.24 17:21:07.139,9.43236,9.43664,1.50,1.87
2015.07.24 17:21:07.241,9.43236,9.43664,1.50,1.87
2015.07.24 17:21:08.461,9.43236,9.43653,1.00,1.07
2015.07.24 17:21:11.250,9.43235,9.43653,1.00,1.07
2015.07.24 17:21:11.798,9.43236,9.43653,1.00,1.07
2015.07.24 17:21:12.156,9.43256,9.43664,1.00,1.57
2015.07.24 17:21:12.457,9.43266,9.43664,1.00,1.57
2015.07.24 17:21:13.963,9.43265,9.43642,1.00,1.07
2015.07.24 17:21:14.466,9.43266,9.43642,1.00,1.07
2015.07.24 17:21:14.801,9.43236,9.43664,1.00,1.87
2015.07.24 17:21:15.514,9.43266,9.43642,1.00,1.37
2015.07.24 17:21:16.489,9.43265,9.43642,1.00,1.37
2015.07.24 17:21:16.992,9.43266,9.43642,1.00,1.37
2015.07.24 17:21:19.204,9.43236,9.43664,1.50,1.87
2015.07.24 17:21:20.377,9.43236,9.43653,1.00,1.07
2015.07.24 17:21:26.476,9.43235,9.43653,1.12,1.07
2015.07.24 17:21:27.229,9.43236,9.43653,1.50,1.07
2015.07.24 17:21:28.679,9.43235,9.43653,1.12,1.07
2015.07.24 17:21:29.194,9.43236,9.43653,1.00,1.07
2015.07.24 17:21:29.882,9.43236,9.43437,1.00,2.10
2015.07.24 17:21:29.984,9.43163,9.43384,1.00,1.35
2015.07.24 17:21:30.035,9.42986,9.43384,1.37,1.35
2015.07.24 17:21:30.137,9.42986,9.43354,1.37,2.10
2015.07.24 17:21:30.239,9.42986,9.43354,1.00,2.10
2015.07.24 17:21:30.290,9.42986,9.43354,1.00,2.10
2015.07.24 17:21:30.393,9.42986,9.43354,1.00,2.10
2015.07.24 17:21:30.597,9.42916,9.43314,1.50,1.50
2015.07.24 17:21:30.749,9.42886,9.43314,1.00,1.50
2015.07.24 17:21:31.434,9.42806,9.43264,1.00,1.50
2015.07.24 17:21:31.830,9.42806,9.43234,1.00,1.50
2015.07.24 17:21:32.135,9.42806,9.43214,1.00,1.00
2015.07.24 17:21:32.378,9.42736,9.43184,1.00,1.00
2015.07.24 17:21:32.429,9.42736,9.43184,1.00,1.07
2015.07.24 17:21:32.942,9.42736,9.43174,1.00,1.87
2015.07.24 17:21:32.994,9.42716,9.43164,1.00,1.00
2015.07.24 17:21:33.381,9.42686,9.43134,1.00,1.00
2015.07.24 17:21:33.690,9.42666,9.43124,1.07,2.25
2015.07.24 17:21:34.662,9.42653,9.43104,1.07,1.00
2015.07.24 17:21:35.191,9.42653,9.43104,1.07,1.00
2015.07.24 17:21:42.145,9.42656,9.43104,1.82,1.50
2015.07.24 17:21:42.247,9.42716,9.43104,1.00,1.50
2015.07.24 17:21:42.451,9.42646,9.43104,1.07,1.50
2015.07.24 17:21:43.393,9.42704,9.43104,1.00,1.50
2015.07.24 17:21:43.708,9.42646,9.43114,1.07,2.25
2015.07.24 17:21:44.906,9.42702,9.43114,1.00,2.25
2015.07.24 17:21:45.569,9.42646,9.43114,1.07,2.25
2015.07.24 17:21:46.435,9.42715,9.43114,1.00,1.50
2015.07.24 17:21:46.688,9.42652,9.43104,1.07,1.00
2015.07.24 17:21:47.619,9.42652,9.43104,1.82,1.00
2015.07.24 17:21:47.721,9.42636,9.43094,1.00,1.00
2015.07.24 17:21:47.772,9.42626,9.43094,1.00,1.00
2015.07.24 17:21:47.873,9.42616,9.43094,1.00,1.00
2015.07.24 17:21:48.489,9.42616,9.43074,1.00,1.50
2015.07.24 17:21:48.692,9.42584,9.43074,1.00,1.50
2015.07.24 17:21:49.430,9.42584,9.43045,1.00,1.50
2015.07.24 17:21:52.853,9.42547,9.43045,1.07,1.50
2015.07.24 17:21:54.761,9.42528,9.43045,1.07,1.57
2015.07.24 17:21:54.863,9.42528,9.42994,1.07,1.50
2015.07.24 17:21:55.860,9.42528,9.42984,1.07,1.50
2015.07.24 17:21:56.426,9.42581,9.42984,1.00,1.50
2015.07.24 17:21:56.528,9.42561,9.42984,1.00,1.50
2015.07.24 17:21:56.579,9.42528,9.42984,1.07,1.50
2015.07.24 17:21:56.934,9.42486,9.42984,1.00,1.57
2015.07.24 17:21:56.985,9.4247,9.42964,1.00,1.50
2015.07.24 17:21:57.478,9.4247,9.42924,1.00,1.50
2015.07.24 17:21:57.630,9.42428,9.42924,1.00,1.50
2015.07.24 17:21:58.354,9.42428,9.42924,1.37,1.50
2015.07.24 17:21:58.608,9.4246,9.42944,1.07,1.50
2015.07.24 17:21:58.709,9.4246,9.42944,1.00,1.50
2015.07.24 17:21:58.861,9.42423,9.42944,1.07,1.50
2015.07.24 17:21:59.064,9.42423,9.42944,1.00,1.57
2015.07.24 17:21:59.402,9.4246,9.42895,1.75,1.50
2015.07.24 17:21:59.453,9.42424,9.42895,1.00,1.50
2015.07.24 17:22:00.407,9.42459,9.42884,1.00,1.50
2015.07.24 17:22:00.458,9.42413,9.42884,1.00,1.50
2015.07.24 17:22:00.560,9.42436,9.42884,1.00,1.50
2015.07.24 17:22:01.344,9.42436,9.42854,1.00,1.50
2015.07.24 17:22:01.547,9.42405,9.42854,1.00,1.50
2015.07.24 17:22:01.855,9.42364,9.42854,1.00,1.50
2015.07.24 17:22:02.139,9.42347,9.42854,1.00,1.50
2015.07.24 17:22:02.190,9.42298,9.42784,1.37,1.50
2015.07.24 17:22:02.443,9.42292,9.42784,1.07,1.50
2015.07.24 17:22:02.646,9.42384,9.42784,1.00,1.50
2015.07.24 17:22:02.748,9.42364,9.42784,1.00,1.50
2015.07.24 17:22:02.800,9.42336,9.42784,1.00,1.50
2015.07.24 17:22:02.851,9.42316,9.42784,1.00,1.50
2015.07.24 17:22:02.902,9.42297,9.42784,1.07,1.50
2015.07.24 17:22:03.187,9.42297,9.42754,1.07,1.50
2015.07.24 17:22:03.238,9.42297,9.42754,1.00,1.50
2015.07.24 17:22:03.753,9.42251,9.42754,1.07,1.50
2015.07.24 17:22:03.860,9.42295,9.42754,1.75,1.50
2015.07.24 17:22:03.962,9.42306,9.42754,1.00,1.50
2015.07.24 17:22:04.242,9.42306,9.42724,1.00,1.50
2015.07.24 17:22:04.295,9.42248,9.42724,1.00,1.50
2015.07.24 17:22:04.881,9.42308,9.42724,1.75,1.50
2015.07.24 17:22:04.982,9.42346,9.42724,1.00,1.50
2015.07.24 17:22:05.033,9.42308,9.42724,1.00,1.50
2015.07.24 17:22:05.185,9.42308,9.42734,1.00,1.50
2015.07.24 17:22:05.388,9.42271,9.42734,1.07,1.50
2015.07.24 17:22:05.440,9.42271,9.42734,1.00,1.50
2015.07.24 17:22:05.660,9.42251,9.42734,1.00,1.50
2015.07.24 17:22:05.711,9.42247,9.42734,1.00,1.50
2015.07.24 17:22:06.393,9.42231,9.42714,1.37,1.50
2015.07.24 17:22:06.722,9.42231,9.42714,1.37,1.50
2015.07.24 17:22:07.126,9.42358,9.42714,1.00,1.50
2015.07.24 17:22:07.227,9.42338,9.42714,1.00,1.50
2015.07.24 17:22:07.329,9.42294,9.42714,1.00,1.50
2015.07.24 17:22:07.593,9.42277,9.42714,1.07,1.50
2015.07.24 17:22:08.358,9.42275,9.42714,1.37,1.50
2015.07.24 17:22:08.409,9.42311,9.42724,1.07,1.50
2015.07.24 17:22:08.814,9.42311,9.42724,1.37,1.50
2015.07.24 17:22:09.145,9.42311,9.42754,1.37,1.50
2015.07.24 17:22:10.559,9.42311,9.42754,1.07,1.50
2015.07.24 17:22:10.881,9.42363,9.42754,1.00,1.50
2015.07.24 17:22:10.932,9.42313,9.42754,1.07,1.50
2015.07.24 17:22:11.034,9.42359,9.42754,1.00,1.50
2015.07.24 17:22:11.136,9.42359,9.42824,1.00,1.50
2015.07.24 17:22:11.288,9.42376,9.42824,1.00,1.50
2015.07.24 17:22:11.644,9.42336,9.42824,1.07,1.50
2015.07.24 17:22:11.969,9.42325,9.42824,1.37,1.50
2015.07.24 17:22:12.273,9.4242,9.42824,1.00,1.50
2015.07.24 17:22:12.324,9.42401,9.42824,1.00,1.50
2015.07.24 17:22:13.113,9.42401,9.42834,1.00,1.50
2015.07.24 17:22:13.660,9.42452,9.42834,1.00,1.50
2015.07.24 17:22:13.761,9.42432,9.42834,1.00,1.50
2015.07.24 17:22:13.813,9.4241,9.42834,1.00,1.50
2015.07.24 17:22:13.864,9.42401,9.42834,1.00,1.50
2015.07.24 17:22:14.326,9.42509,9.42834,1.00,1.50
2015.07.24 17:22:14.630,9.42661,9.42934,1.29,1.37
2015.07.24 17:22:14.681,9.42661,9.42934,1.29,1.12
2015.07.24 17:22:14.732,9.42486,9.42964,1.00,2.62
2015.07.24 17:22:14.833,9.42469,9.42964,1.00,2.62
2015.07.24 17:22:14.885,9.42449,9.42924,1.50,1.57
2015.07.24 17:22:14.987,9.42449,9.42924,1.00,1.50
2015.07.24 17:22:15.829,9.42449,9.42904,1.00,1.50
2015.07.24 17:22:16.828,9.42449,9.42924,1.00,1.50
2015.07.24 17:22:17.399,9.42449,9.42924,1.00,1.57
2015.07.24 17:22:17.635,9.42397,9.42924,1.00,1.57
2015.07.24 17:22:17.687,9.42377,9.42885,1.07,1.00
2015.07.24 17:22:18.001,9.42357,9.42814,1.37,1.50
2015.07.24 17:22:18.406,9.42326,9.42814,1.07,2.25
2015.07.24 17:22:18.689,9.42326,9.42784,1.07,1.50
2015.07.24 17:22:18.943,9.42326,9.42784,1.00,1.50
2015.07.24 17:22:19.470,9.42326,9.42784,1.75,1.50
2015.07.24 17:22:19.774,9.42326,9.42784,1.00,1.57
2015.07.24 17:22:19.825,9.42326,9.42754,1.00,1.50
2015.07.24 17:22:19.876,9.42296,9.42754,1.00,1.50
2015.07.24 17:22:21.626,9.42296,9.42754,1.07,1.50
2015.07.24 17:22:21.934,9.42276,9.42724,1.07,1.50
2015.07.24 17:22:22.273,9.42342,9.42724,1.00,1.50
2015.07.24 17:22:22.377,9.42322,9.42724,1.00,1.50
2015.07.24 17:22:22.428,9.42279,9.42724,1.00,1.50
2015.07.24 17:22:22.479,9.42276,9.42724,1.00,1.50
2015.07.24 17:22:22.789,9.42286,9.42724,1.00,1.50
2015.07.24 17:22:23.365,9.42333,9.42724,1.75,1.50
2015.07.24 17:22:23.468,9.42313,9.42724,1.00,1.50
2015.07.24 17:22:23.519,9.423,9.42724,1.00,1.50
2015.07.24 17:22:23.570,9.42286,9.42724,1.00,1.50
2015.07.24 17:22:23.901,9.42306,9.42724,1.07,1.50
2015.07.24 17:22:24.865,9.42306,9.42724,1.00,1.50
2015.07.24 17:22:25.340,9.42296,9.42724,1.00,1.50
2015.07.24 17:22:25.876,9.42351,9.42704,1.00,1.50
2015.07.24 17:22:26.193,9.42276,9.42704,1.07,1.50
2015.07.24 17:22:26.789,9.42276,9.42704,1.00,1.50
2015.07.24 17:22:26.840,9.42276,9.42674,1.00,1.50
2015.07.24 17:22:27.097,9.42255,9.42674,1.00,1.50
2015.07.24 17:22:27.531,9.42306,9.42674,1.00,1.50
2015.07.24 17:22:28.442,9.42226,9.42674,1.00,1.50
2015.07.24 17:22:29.028,9.42222,9.42665,1.00,1.50
2015.07.24 17:22:29.395,9.42295,9.42665,1.75,1.50
2015.07.24 17:22:29.497,9.42306,9.42665,1.00,1.50
2015.07.24 17:22:29.760,9.42222,9.42665,1.00,1.50
2015.07.24 17:22:30.189,9.42222,9.42665,1.07,1.50
2015.07.24 17:22:30.823,9.42246,9.42674,1.00,1.50
2015.07.24 17:22:30.874,9.42222,9.42674,1.07,1.50
2015.07.24 17:22:31.139,9.42222,9.42674,1.00,1.50
2015.07.24 17:22:31.842,9.42217,9.42674,1.00,1.50
2015.07.24 17:22:32.182,9.42217,9.42664,1.00,1.50
2015.07.24 17:22:32.354,9.42206,9.42664,1.00,1.50
2015.07.24 17:22:32.406,9.4219,9.42664,1.00,1.50
2015.07.24 17:22:33.133,9.42219,9.42664,1.00,1.50
2015.07.24 17:22:33.506,9.42176,9.42664,1.50,1.50
2015.07.24 17:22:36.131,9.42176,9.42664,2.25,1.50
2015.07.24 17:22:36.233,9.4221,9.42664,1.00,1.50
2015.07.24 17:22:36.284,9.42191,9.42664,1.00,1.50
2015.07.24 17:22:36.386,9.42172,9.42664,1.00,1.50
2015.07.24 17:22:36.690,9.42172,9.42664,1.00,1.57
2015.07.24 17:22:37.013,9.42172,9.42664,1.00,1.50
2015.07.24 17:22:37.867,9.42172,9.42655,1.00,1.50
2015.07.24 17:22:38.697,9.42196,9.42655,1.75,1.50
2015.07.24 17:22:38.748,9.42193,9.42655,1.00,1.50
2015.07.24 17:22:40.130,9.42154,9.42655,1.45,1.50
2015.07.24 17:22:40.181,9.42154,9.42655,1.37,1.50
2015.07.24 17:22:41.341,9.42151,9.42655,1.00,1.50
2015.07.24 17:22:41.392,9.42136,9.42655,1.00,1.50
2015.07.24 17:22:41.444,9.42136,9.42655,1.00,1.57
2015.07.24 17:22:41.749,9.42136,9.42655,1.00,2.17
2015.07.24 17:22:41.850,9.42136,9.42524,1.00,1.05
2015.07.24 17:22:42.182,9.42155,9.42544,1.00,1.50
2015.07.24 17:22:42.233,9.42155,9.42644,1.00,1.50
2015.07.24 17:22:42.438,9.42136,9.42644,1.00,1.50
2015.07.24 17:22:43.130,9.42136,9.42664,1.00,1.57
2015.07.24 17:22:43.679,9.42134,9.42664,1.07,1.57
2015.07.24 17:22:45.019,9.4224,9.42664,1.00,1.50
2015.07.24 17:22:45.341,9.42476,9.42664,2.22,1.50
2015.07.24 17:22:45.749,9.42476,9.42834,2.22,1.87
2015.07.24 17:22:45.901,9.42476,9.42834,2.22,1.57
2015.07.24 17:22:46.003,9.42476,9.42834,2.22,1.50
2015.07.24 17:22:47.319,9.42396,9.42834,1.52,1.50
2015.07.24 17:22:47.371,9.42396,9.42834,1.00,1.50
2015.07.24 17:22:47.422,9.42361,9.42775,1.00,1.50
2015.07.24 17:22:47.523,9.4232,9.42775,1.12,1.50
2015.07.24 17:22:47.676,9.42346,9.42775,1.00,1.50
2015.07.24 17:22:47.929,9.42306,9.42775,1.00,1.50
2015.07.24 17:22:47.980,9.42306,9.42714,1.00,1.50
2015.07.24 17:22:48.276,9.42236,9.42714,1.00,1.50
2015.07.24 17:22:48.971,9.42236,9.42674,1.00,1.50
2015.07.24 17:22:49.275,9.42236,9.42674,1.00,1.57
2015.07.24 17:22:50.610,9.42202,9.42664,1.00,1.57
2015.07.24 17:22:52.717,9.42176,9.42664,1.00,1.57
2015.07.24 17:22:52.988,9.42172,9.42664,1.00,1.57
2015.07.24 17:22:53.039,9.42156,9.42664,1.00,1.50
2015.07.24 17:22:53.469,9.42156,9.42664,1.00,1.87
2015.07.24 17:22:53.998,9.42156,9.42614,1.00,1.50
2015.07.24 17:22:54.329,9.4214,9.42614,1.07,1.50
2015.07.24 17:22:54.380,9.4214,9.42614,1.82,1.50
2015.07.24 17:22:54.482,9.42211,9.42614,1.00,1.50
2015.07.24 17:22:54.533,9.42231,9.42614,1.00,1.50
2015.07.24 17:22:54.635,9.42196,9.42614,1.00,1.50
2015.07.24 17:22:54.989,9.42196,9.42624,1.00,1.50
2015.07.24 17:22:55.682,9.42219,9.42624,1.00,1.50
2015.07.24 17:22:55.834,9.42196,9.42624,1.82,1.50
2015.07.24 17:22:55.994,9.42196,9.42614,1.07,1.50
2015.07.24 17:22:56.298,9.42216,9.42614,1.00,1.50
2015.07.24 17:22:56.451,9.42186,9.42614,1.07,1.50
2015.07.24 17:22:57.965,9.42196,9.42644,1.07,1.50
2015.07.24 17:22:58.954,9.42205,9.42644,1.00,1.50
2015.07.24 17:23:04.482,9.42236,9.42644,1.37,1.50
2015.07.24 17:23:04.634,9.42236,9.42644,1.00,1.50
2015.07.24 17:23:04.787,9.42216,9.42644,1.07,1.50
2015.07.24 17:23:05.041,9.42216,9.42604,1.07,1.50
2015.07.24 17:23:05.992,9.42176,9.42574,1.37,1.50
2015.07.24 17:23:06.471,9.42176,9.42574,1.07,1.50
2015.07.24 17:23:07.513,9.42166,9.42564,1.07,1.50
2015.07.24 17:23:07.900,9.42166,9.42564,1.00,1.50
2015.07.24 17:23:07.951,9.42179,9.42564,1.00,1.50
2015.07.24 17:23:08.271,9.42146,9.42564,1.37,1.50
2015.07.24 17:23:08.579,9.42146,9.42535,1.00,1.50
2015.07.24 17:23:09.419,9.42146,9.42564,1.00,1.50
2015.07.24 17:23:10.233,9.42146,9.42564,1.07,1.50
2015.07.24 17:23:10.808,9.42156,9.42595,1.07,1.50
2015.07.24 17:23:11.510,9.42346,9.42595,1.00,1.50
2015.07.24 17:23:11.763,9.42411,9.42775,1.58,1.87
2015.07.24 17:23:13.132,9.42411,9.4281,1.58,1.12
2015.07.24 17:23:13.183,9.42411,9.42825,1.58,2.32
2015.07.24 17:23:13.841,9.42362,9.42794,1.00,1.00
2015.07.24 17:23:13.942,9.42266,9.42775,1.37,1.50
2015.07.24 17:23:14.044,9.42266,9.42714,1.37,1.50
2015.07.24 17:23:14.537,9.42266,9.42714,1.07,1.50
2015.07.24 17:23:14.841,9.42246,9.42714,1.00,1.50
2015.07.24 17:23:14.943,9.42227,9.42714,1.00,1.50
2015.07.24 17:23:15.044,9.42227,9.42684,1.00,1.50
2015.07.24 17:23:15.373,9.42227,9.42684,1.07,1.50
2015.07.24 17:23:15.475,9.42227,9.42684,1.00,1.50
2015.07.24 17:23:15.731,9.42227,9.42684,1.07,1.50
2015.07.24 17:23:16.382,9.42227,9.42684,1.07,1.50
2015.07.24 17:23:16.990,9.42227,9.42674,1.07,1.50
2015.07.24 17:23:20.442,9.42227,9.42674,1.07,1.50
2015.07.24 17:23:22.949,9.42216,9.42674,1.07,1.50
2015.07.24 17:23:29.035,9.42206,9.42664,1.07,1.50
2015.07.24 17:23:30.475,9.42206,9.42664,1.37,1.50
2015.07.24 17:23:36.597,9.42206,9.42664,1.37,1.50
2015.07.24 17:23:37.491,9.42206,9.42664,1.00,1.50
2015.07.24 17:23:38.711,9.42206,9.42664,1.37,1.50
2015.07.24 17:23:43.102,9.42205,9.42674,1.37,1.50
2015.07.24 17:23:43.333,9.42205,9.42674,1.37,1.50
2015.07.24 17:23:50.030,9.422,9.42655,1.37,1.50
2015.07.24 17:23:50.228,9.422,9.42655,1.07,1.50
2015.07.24 17:23:51.446,9.42216,9.42655,1.37,1.50
2015.07.24 17:23:51.699,9.42206,9.42655,1.07,1.50
2015.07.24 17:23:52.002,9.42206,9.42684,1.07,1.50
2015.07.24 17:23:55.628,9.42223,9.42684,1.00,1.50
2015.07.24 17:23:56.450,9.42192,9.42664,1.37,1.50
2015.07.24 17:23:56.957,9.42192,9.42664,1.07,1.50
2015.07.24 17:23:57.059,9.42192,9.42645,1.07,1.50
2015.07.24 17:23:57.731,9.42192,9.42645,1.00,1.50
2015.07.24 17:23:58.036,9.42192,9.42664,1.00,1.50
2015.07.24 17:23:58.190,9.42192,9.42664,1.37,1.50
2015.07.24 17:23:59.008,9.42206,9.42674,1.37,1.50
2015.07.24 17:23:59.353,9.42206,9.42674,1.00,1.50
2015.07.24 17:23:59.995,9.42206,9.42674,1.37,1.50
2015.07.24 17:24:00.921,9.42207,9.42674,1.00,1.50
2015.07.24 17:24:01.676,9.42207,9.42674,1.12,1.50
2015.07.24 17:24:02.674,9.42207,9.42674,1.00,1.50
2015.07.24 17:24:03.428,9.42207,9.42674,1.37,1.50
2015.07.24 17:24:04.418,9.42207,9.42674,1.00,1.50
2015.07.24 17:24:05.201,9.42207,9.42674,1.37,1.50
2015.07.24 17:24:06.222,9.42207,9.42674,1.00,1.50
2015.07.24 17:24:07.303,9.42207,9.42674,1.37,1.50
2015.07.24 17:24:07.608,9.42237,9.42674,1.00,1.50
2015.07.24 17:24:08.072,9.42237,9.42684,1.00,1.50
2015.07.24 17:24:09.028,9.42237,9.42705,1.00,1.50
2015.07.24 17:24:09.079,9.42237,9.42705,1.07,1.50
2015.07.24 17:24:10.039,9.42237,9.42694,1.00,1.50
2015.07.24 17:24:10.993,9.42237,9.42694,1.07,1.50
2015.07.24 17:24:11.792,9.42237,9.42694,1.00,1.50
2015.07.24 17:24:12.559,9.42237,9.42694,1.07,1.50
2015.07.24 17:24:12.893,9.42309,9.42694,1.00,1.50
2015.07.24 17:24:12.995,9.42309,9.42724,1.00,1.50
2015.07.24 17:24:13.362,9.42323,9.42724,1.37,1.50
2015.07.24 17:24:13.595,9.42323,9.42724,1.00,1.50
2015.07.24 17:24:13.988,9.42323,9.42765,1.00,1.50
2015.07.24 17:24:14.039,9.42306,9.42765,1.00,1.50
2015.07.24 17:24:14.242,9.423,9.42765,1.00,1.50
2015.07.24 17:24:14.345,9.423,9.42765,1.00,1.57
2015.07.24 17:24:14.657,9.423,9.42734,1.00,1.50
2015.07.24 17:24:15.621,9.42315,9.42734,1.00,1.50
2015.07.24 17:24:15.925,9.42334,9.42734,1.00,1.50
2015.07.24 17:24:16.820,9.42334,9.42765,1.00,1.50
2015.07.24 17:24:17.229,9.42349,9.42765,1.00,1.50
2015.07.24 17:24:17.382,9.42369,9.42804,1.00,1.50
2015.07.24 17:24:17.534,9.42369,9.42804,1.75,1.50
2015.07.24 17:24:17.738,9.42369,9.42804,1.75,1.50
2015.07.24 17:24:18.316,9.42369,9.42804,1.07,1.50
2015.07.24 17:24:18.368,9.42369,9.42834,1.07,1.50
2015.07.24 17:24:18.739,9.42369,9.42834,1.00,1.50
2015.07.24 17:24:19.388,9.42369,9.42815,1.00,1.50
2015.07.24 17:24:20.478,9.42381,9.42815,1.00,1.50
2015.07.24 17:24:20.783,9.42419,9.42815,1.00,1.50
2015.07.24 17:24:21.213,9.42419,9.42864,1.75,1.50
2015.07.24 17:24:21.267,9.42419,9.42864,1.00,1.50
2015.07.24 17:24:21.997,9.42419,9.42844,1.00,1.50
2015.07.24 17:24:22.456,9.42286,9.42694,1.75,1.00
2015.07.24 17:24:22.608,9.42182,9.42584,1.75,1.50
2015.07.24 17:24:22.811,9.42182,9.42584,1.75,1.50
2015.07.24 17:24:23.118,9.42182,9.42584,1.75,1.50
2015.07.24 17:24:23.270,9.42182,9.42584,1.10,1.50
2015.07.24 17:24:23.399,9.42186,9.42584,1.00,1.50
2015.07.24 17:24:24.031,9.42176,9.42584,1.50,1.50
2015.07.24 17:24:24.133,9.42186,9.42584,1.00,1.50
2015.07.24 17:24:24.352,9.42176,9.42584,1.50,1.50
2015.07.24 17:24:24.548,9.42176,9.42584,2.25,1.50
2015.07.24 17:24:25.897,9.42176,9.42575,2.25,1.00
2015.07.24 17:24:26.258,9.42199,9.42541,1.00,1.00
2015.07.24 17:24:32.747,9.42226,9.42541,1.00,1.00
2015.07.24 17:24:34.205,9.4223,9.42541,1.00,1.00
2015.07.24 17:24:34.308,9.42226,9.42541,1.00,1.00
2015.07.24 17:24:34.359,9.42216,9.42541,1.00,1.00
2015.07.24 17:24:35.361,9.42199,9.42541,1.00,1.00
2015.07.24 17:24:36.933,9.42205,9.42541,1.00,1.00
2015.07.24 17:24:37.261,9.42216,9.42541,1.10,1.00
2015.07.24 17:24:38.102,9.42244,9.42584,1.00,1.50
2015.07.24 17:24:38.508,9.42244,9.42586,1.00,1.00
2015.07.24 17:25:05.347,9.42196,9.42604,1.75,1.50
2015.07.24 17:25:05.449,9.42205,9.42634,1.75,1.50
2015.07.24 17:25:05.551,9.42237,9.42634,1.00,1.50
2015.07.24 17:25:05.856,9.42237,9.42644,1.07,1.00
2015.07.24 17:25:06.109,9.42246,9.42674,1.07,1.50
2015.07.24 17:25:06.161,9.42246,9.42674,1.37,1.50
2015.07.24 17:25:06.578,9.42266,9.42694,1.07,1.50
2015.07.24 17:25:06.862,9.42267,9.42694,1.37,1.50
2015.07.24 17:25:07.270,9.42299,9.42694,1.00,1.50
2015.07.24 17:25:07.405,9.42306,9.42694,1.00,1.50
2015.07.24 17:25:07.757,9.42306,9.42774,1.37,1.50
2015.07.24 17:25:08.161,9.42306,9.42774,1.00,1.50
2015.07.24 17:25:08.218,9.42333,9.42774,1.00,1.50
2015.07.24 17:25:08.527,9.42333,9.42774,1.07,1.50
2015.07.24 17:25:08.980,9.42367,9.42814,1.07,1.50
2015.07.24 17:25:10.777,9.42367,9.42814,1.00,1.50
2015.07.24 17:25:11.734,9.42367,9.42834,1.00,1.50
2015.07.24 17:25:12.572,9.42397,9.42834,1.00,1.50
2015.07.24 17:25:12.742,9.42397,9.42844,1.00,1.50
2015.07.24 17:25:13.065,9.42397,9.42844,1.37,1.50
2015.07.24 17:25:13.379,9.42397,9.42844,1.75,1.50
2015.07.24 17:25:13.497,9.42397,9.42844,1.37,1.50
2015.07.24 17:25:13.700,9.42397,9.42865,1.37,1.50
2015.07.24 17:25:13.751,9.42397,9.42865,1.07,1.50
2015.07.24 17:25:15.509,9.42406,9.42865,1.07,1.50
2015.07.24 17:25:15.966,9.42406,9.42884,1.07,1.50
2015.07.24 17:25:16.777,9.42406,9.42864,1.07,1.50
2015.07.24 17:25:18.769,9.42406,9.42884,1.07,1.50
2015.07.24 17:25:20.272,9.42423,9.42884,1.00,1.50
2015.07.24 17:25:28.115,9.42453,9.42884,1.00,1.50
2015.07.24 17:25:28.832,9.42453,9.42914,1.00,1.50
2015.07.24 17:25:29.035,9.4245,9.42914,1.07,1.50
2015.07.24 17:25:29.340,9.4245,9.42914,1.07,1.50
2015.07.24 17:25:29.603,9.4245,9.42914,1.00,1.50
2015.07.24 17:25:30.750,9.4245,9.42924,1.00,1.50
2015.07.24 17:25:30.902,9.42483,9.42924,1.00,1.50
2015.07.24 17:25:34.960,9.42483,9.42944,1.00,1.50
2015.07.24 17:25:35.743,9.42483,9.43005,1.00,1.00
2015.07.24 17:25:36.727,9.42483,9.42944,1.00,1.50
2015.07.24 17:25:37.047,9.42483,9.42944,1.07,1.50
2015.07.24 17:25:39.412,9.42512,9.42944,1.00,1.50
2015.07.24 17:25:39.805,9.42512,9.42954,1.00,1.50
2015.07.24 17:25:40.357,9.42531,9.42954,1.00,1.50
2015.07.24 17:25:40.982,9.42468,9.42974,1.07,1.50
2015.07.24 17:25:41.033,9.42513,9.42974,1.00,1.50
2015.07.24 17:25:41.547,9.42513,9.42974,1.07,1.50
2015.07.24 17:25:41.851,9.42513,9.42974,1.37,1.50
2015.07.24 17:25:42.358,9.42513,9.42974,1.00,1.50
2015.07.24 17:25:45.731,9.42513,9.42984,1.00,1.50
2015.07.24 17:25:46.443,9.42544,9.42984,1.00,1.50
2015.07.24 17:25:46.697,9.42544,9.43004,1.00,1.50
2015.07.24 17:25:47.517,9.42544,9.43004,1.07,1.50
2015.07.24 17:25:48.166,9.42544,9.43004,1.07,1.50
2015.07.24 17:25:48.786,9.42544,9.43024,1.07,1.50
2015.07.24 17:25:50.746,9.42583,9.43024,1.00,1.50
2015.07.24 17:25:50.949,9.42563,9.43015,1.00,1.00
2015.07.24 17:25:51.000,9.42488,9.42944,1.07,1.50
2015.07.24 17:25:51.302,9.42522,9.42974,1.07,1.50
2015.07.24 17:25:51.941,9.42522,9.42974,1.37,1.50
2015.07.24 17:25:52.245,9.42522,9.42974,1.07,1.50
2015.07.24 17:25:52.879,9.42522,9.42974,1.07,1.50
2015.07.24 17:25:53.350,9.42522,9.42974,1.00,1.50
2015.07.24 17:25:53.937,9.42522,9.43037,1.00,1.07
2015.07.24 17:25:54.616,9.42522,9.42984,1.00,1.50
2015.07.24 17:25:56.880,9.4256,9.42984,1.00,1.50
2015.07.24 17:25:57.641,9.4254,9.42984,1.00,1.50
2015.07.24 17:25:57.693,9.42511,9.42984,1.00,1.50
2015.07.24 17:25:57.746,9.42532,9.43024,1.37,1.50
2015.07.24 17:25:58.052,9.42571,9.43024,1.00,1.50
2015.07.24 17:26:00.418,9.4258,9.43024,1.00,1.50
2015.07.24 17:26:02.774,9.42584,9.43024,1.00,1.50
2015.07.24 17:26:02.979,9.42564,9.43024,1.00,1.50
2015.07.24 17:26:03.030,9.42537,9.43024,1.07,1.50
2015.07.24 17:26:03.132,9.42537,9.43024,1.37,1.50
2015.07.24 17:26:03.588,9.42537,9.43024,1.00,1.50
2015.07.24 17:26:03.639,9.42537,9.42985,1.00,1.50
2015.07.24 17:26:04.365,9.42507,9.42985,1.07,1.50
2015.07.24 17:26:04.467,9.42541,9.42985,1.00,1.50
2015.07.24 17:26:04.670,9.42541,9.43004,1.00,1.50
2015.07.24 17:26:04.997,9.42541,9.43004,1.37,1.50
2015.07.24 17:26:05.526,9.42541,9.43004,1.00,1.50
2015.07.24 17:26:05.915,9.42541,9.42995,1.00,1.50
2015.07.24 17:26:05.966,9.42523,9.42995,1.00,1.50
2015.07.24 17:26:06.336,9.42523,9.42995,1.07,1.50
2015.07.24 17:26:06.539,9.42523,9.42995,1.07,1.50
2015.07.24 17:26:06.741,9.42523,9.42995,1.00,1.50
2015.07.24 17:26:08.013,9.42523,9.42975,1.00,1.50
2015.07.24 17:26:08.729,9.42523,9.42984,1.00,1.50
2015.07.24 17:26:09.046,9.42523,9.42984,1.37,1.50
2015.07.24 17:26:09.947,9.42523,9.42994,1.37,1.50
2015.07.24 17:26:11.473,9.42593,9.42994,1.00,1.50
2015.07.24 17:26:12.203,9.42601,9.42994,1.00,1.50
2015.07.24 17:26:12.255,9.4262,9.43084,1.07,1.50
2015.07.24 17:26:12.706,9.4262,9.43114,1.07,1.50
2015.07.24 17:26:15.332,9.4262,9.43114,1.00,1.57
2015.07.24 17:26:15.884,9.4262,9.43064,1.00,1.50
2015.07.24 17:26:16.241,9.4262,9.43161,1.00,1.75
2015.07.24 17:26:16.565,9.42651,9.43161,1.00,1.75
2015.07.24 17:26:17.378,9.42631,9.43132,1.00,1.37
2015.07.24 17:26:17.430,9.42611,9.43135,1.00,1.37
2015.07.24 17:26:17.481,9.42646,9.43135,1.00,1.37
2015.07.24 17:26:17.533,9.42646,9.43135,1.00,1.00
2015.07.24 17:26:17.584,9.42646,9.43187,1.00,1.00
2015.07.24 17:26:18.078,9.42646,9.43094,1.00,1.50
2015.07.24 17:26:18.180,9.42626,9.43094,1.00,1.50
2015.07.24 17:26:18.231,9.42618,9.43094,1.07,1.50
2015.07.24 17:26:18.282,9.42654,9.43094,1.00,1.50
2015.07.24 17:26:19.080,9.42654,9.43114,1.00,1.57
2015.07.24 17:26:19.283,9.42654,9.43114,1.00,1.50
2015.07.24 17:26:19.385,9.42634,9.43114,1.00,1.50
2015.07.24 17:26:19.436,9.42564,9.43064,1.07,1.00
2015.07.24 17:26:19.538,9.42579,9.43114,1.07,1.50
2015.07.24 17:26:19.589,9.4261,9.43114,1.00,1.50
2015.07.24 17:26:20.047,9.4261,9.43084,1.00,1.50
2015.07.24 17:26:22.016,9.4261,9.43064,1.00,1.50
2015.07.24 17:26:22.888,9.4261,9.43064,1.00,1.57
2015.07.24 17:26:23.006,9.4261,9.43064,1.00,1.50
2015.07.24 17:26:27.076,9.4261,9.43074,1.00,1.50
2015.07.24 17:26:28.095,9.4261,9.43065,1.00,1.50
2015.07.24 17:26:36.096,9.4261,9.43084,1.00,1.50
2015.07.24 17:26:37.966,9.4261,9.43084,1.07,1.50
2015.07.24 17:26:40.205,9.42633,9.43084,1.00,1.50
2015.07.24 17:26:45.931,9.42613,9.43084,1.07,1.50
2015.07.24 17:26:47.191,9.42603,9.43084,1.00,1.50
2015.07.24 17:26:47.988,9.42603,9.43084,1.07,1.50
2015.07.24 17:26:48.309,9.42603,9.43084,1.00,1.50
2015.07.24 17:26:54.329,9.42636,9.43084,1.00,1.50
2015.07.24 17:26:57.111,9.42636,9.43164,1.00,1.87
2015.07.24 17:26:59.111,9.42636,9.43104,1.00,1.50
2015.07.24 17:27:00.370,9.42648,9.43104,1.00,1.50
2015.07.24 17:27:01.986,9.42654,9.43104,1.00,1.50
2015.07.24 17:27:02.752,9.42642,9.43104,1.00,1.50
2015.07.24 17:27:03.504,9.42642,9.43104,1.07,1.50
2015.07.24 17:27:03.811,9.42676,9.43104,1.00,1.50
2015.07.24 17:27:04.076,9.42676,9.43124,1.00,1.50
2015.07.24 17:27:05.144,9.42612,9.43084,1.00,1.00
2015.07.24 17:27:05.705,9.42612,9.43085,1.00,1.50
2015.07.24 17:27:06.060,9.42612,9.43074,1.00,1.50
2015.07.24 17:27:09.865,9.42642,9.43074,1.00,1.50
2015.07.24 17:27:10.498,9.42615,9.43074,1.00,1.50
2015.07.24 17:27:11.154,9.42615,9.43084,1.00,1.50
2015.07.24 17:27:13.097,9.42615,9.43094,1.00,1.50
2015.07.24 17:27:13.760,9.42615,9.43094,1.07,1.50
2015.07.24 17:27:14.733,9.42615,9.43094,1.10,1.50
2015.07.24 17:27:15.052,9.42615,9.43094,1.07,1.50
2015.07.24 17:27:15.383,9.42646,9.43094,1.00,1.50
2015.07.24 17:27:16.219,9.42646,9.43054,1.00,1.50
2015.07.24 17:27:16.270,9.42599,9.43054,1.00,1.50
2015.07.24 17:27:20.319,9.42607,9.43054,1.00,1.50
2015.07.24 17:27:22.124,9.42607,9.43064,1.00,1.50
2015.07.24 17:27:26.075,9.42607,9.43074,1.00,1.50
2015.07.24 17:27:26.982,9.42646,9.43074,1.00,1.50
2015.07.24 17:27:27.034,9.42646,9.43104,1.00,1.50
2015.07.24 17:27:29.085,9.42646,9.43104,1.07,1.50
2015.07.24 17:27:31.997,9.42686,9.43104,1.00,1.50
2015.07.24 17:27:33.099,9.42686,9.43114,1.00,1.50
2015.07.24 17:27:37.200,9.42666,9.43114,1.00,1.50
2015.07.24 17:27:37.251,9.42641,9.43114,1.07,1.50
2015.07.24 17:27:37.303,9.42641,9.43114,1.37,1.50
2015.07.24 17:27:37.879,9.42641,9.43114,1.37,1.50
2015.07.24 17:27:38.031,9.42641,9.43095,1.07,1.50
2015.07.24 17:27:39.135,9.42641,9.43095,1.07,1.50
2015.07.24 17:27:44.770,9.42641,9.43095,1.37,1.50
2015.07.24 17:27:45.527,9.42654,9.43095,1.07,1.50
2015.07.24 17:27:46.057,9.42654,9.43114,1.07,1.50
2015.07.24 17:27:46.767,9.42654,9.43114,1.07,1.50
2015.07.24 17:27:51.125,9.42654,9.4314,1.07,1.00
2015.07.24 17:27:51.176,9.42654,9.43194,1.07,1.00
2015.07.24 17:27:51.227,9.42634,9.43196,1.12,1.00
2015.07.24 17:27:51.379,9.42631,9.43196,1.75,1.00
2015.07.24 17:27:51.995,9.42631,9.43196,1.37,1.07
2015.07.24 17:27:52.104,9.42631,9.43114,1.37,1.50
2015.07.24 17:27:54.347,9.42628,9.43164,1.37,1.50
2015.07.24 17:27:54.398,9.42617,9.43164,1.75,1.50
2015.07.24 17:27:54.575,9.42617,9.43164,1.37,1.50
2015.07.24 17:27:54.744,9.42617,9.43164,1.00,1.50
2015.07.24 17:27:55.204,9.42617,9.43084,1.00,1.50
2015.07.24 17:28:00.625,9.42608,9.43084,1.00,1.50
2015.07.24 17:28:01.256,9.42608,9.43165,1.00,1.37
2015.07.24 17:28:01.824,9.42608,9.43165,1.10,1.07
2015.07.24 17:28:01.875,9.42608,9.43107,1.10,1.00
2015.07.24 17:28:01.926,9.42608,9.43163,1.10,1.10
2015.07.24 17:28:02.028,9.42603,9.43163,1.37,1.00
2015.07.24 17:28:02.129,9.42603,9.43163,1.07,1.00
2015.07.24 17:28:02.231,9.42603,9.43084,1.37,1.50
2015.07.24 17:28:04.214,9.42603,9.43084,1.00,1.50
2015.07.24 17:28:06.507,9.42603,9.43163,1.00,1.00
2015.07.24 17:28:07.174,9.42603,9.43094,1.00,1.50
2015.07.24 17:28:07.963,9.4261,9.43094,1.00,1.50
2015.07.24 17:28:08.426,9.4261,9.43104,1.00,1.50
2015.07.24 17:28:09.054,9.4261,9.43104,1.37,1.50
2015.07.24 17:28:12.389,9.42632,9.43164,1.07,1.07
2015.07.24 17:28:14.216,9.42636,9.43104,1.07,1.50
2015.07.24 17:28:15.204,9.42636,9.43104,1.00,1.50
2015.07.24 17:28:17.190,9.42636,9.43183,1.00,1.07
2015.07.24 17:28:18.336,9.42636,9.43104,1.00,1.50
2015.07.24 17:28:19.310,9.42636,9.43104,1.07,1.50
2015.07.24 17:28:23.238,9.42642,9.43114,1.07,1.50
2015.07.24 17:28:24.246,9.42642,9.43114,1.10,1.50
2015.07.24 17:28:24.603,9.42603,9.43114,1.75,1.50
2015.07.24 17:28:25.501,9.42603,9.43074,1.37,1.50
2015.07.24 17:28:25.552,9.42603,9.43074,1.00,1.50
2015.07.24 17:28:29.733,9.42633,9.43074,1.00,1.50
2015.07.24 17:28:30.392,9.42633,9.4316,1.00,1.07
2015.07.24 17:28:30.726,9.42633,9.4316,1.07,1.00
2015.07.24 17:28:31.287,9.42633,9.43084,1.07,1.50
2015.07.24 17:28:32.183,9.42633,9.43084,1.00,1.50
2015.07.24 17:28:32.284,9.42633,9.43104,1.00,1.50
2015.07.24 17:28:32.490,9.42633,9.43104,1.07,1.50
2015.07.24 17:28:33.293,9.42633,9.43094,1.07,1.50
2015.07.24 17:28:35.223,9.42633,9.43094,1.37,1.50
2015.07.24 17:28:35.925,9.42633,9.43094,1.37,1.50
2015.07.24 17:28:36.028,9.42633,9.43094,1.37,1.50
2015.07.24 17:28:36.213,9.42633,9.43104,1.37,1.50
2015.07.24 17:28:42.088,9.42622,9.43104,1.00,1.50
2015.07.24 17:28:47.396,9.42622,9.43134,1.50,1.50
2015.07.24 17:28:47.764,9.42622,9.43134,1.87,1.50
2015.07.24 17:28:48.097,9.42622,9.43134,2.25,1.50
2015.07.24 17:28:48.249,9.42622,9.4319,2.25,1.00
2015.07.24 17:28:49.258,9.42622,9.43144,2.25,1.50
2015.07.24 17:28:50.733,9.42622,9.43144,1.57,1.50
2015.07.24 17:28:52.278,9.42622,9.43124,1.57,1.50
2015.07.24 17:28:53.092,9.42635,9.43124,1.37,1.50
2015.07.24 17:28:59.488,9.42633,9.43124,1.00,1.50
2015.07.24 17:28:59.753,9.42633,9.43124,1.07,1.50
2015.07.24 17:29:00.543,9.4264,9.43124,1.37,1.50
2015.07.24 17:29:02.526,9.4264,9.43124,1.07,1.50
2015.07.24 17:29:03.053,9.4264,9.43124,1.37,1.50
2015.07.24 17:29:05.794,9.42643,9.43134,1.07,1.50
2015.07.24 17:29:06.243,9.42643,9.43134,1.37,1.50
2015.07.24 17:29:08.490,9.42643,9.43134,1.10,1.50
2015.07.24 17:29:09.247,9.42643,9.43125,1.10,1.50
2015.07.24 17:29:12.111,9.4264,9.43125,1.07,1.50
2015.07.24 17:29:12.417,9.4261,9.43084,1.07,1.50
2015.07.24 17:29:12.746,9.4261,9.43084,1.00,1.50
2015.07.24 17:29:20.335,9.42603,9.43084,1.00,1.50
2015.07.24 17:29:23.874,9.42587,9.43084,1.00,1.50
2015.07.24 17:29:24.330,9.42587,9.43054,1.00,1.50
2015.07.24 17:29:25.310,9.42587,9.43044,1.00,1.50
2015.07.24 17:29:26.290,9.42587,9.43074,1.00,1.50
2015.07.24 17:29:30.478,9.42587,9.43074,1.07,1.50
2015.07.24 17:29:31.035,9.42578,9.43074,1.00,1.50
2015.07.24 17:29:31.466,9.42578,9.43034,1.00,1.50
2015.07.24 17:29:32.234,9.42578,9.43054,1.00,1.50
2015.07.24 17:29:32.655,9.42578,9.43054,1.07,1.50
2015.07.24 17:29:33.238,9.42578,9.43064,1.07,1.50
2015.07.24 17:29:36.405,9.42578,9.43054,1.00,1.50
2015.07.24 17:29:36.771,9.42549,9.43054,1.00,1.50
2015.07.24 17:29:36.874,9.42549,9.43005,1.00,1.50
2015.07.24 17:29:37.588,9.42549,9.43005,1.07,1.50
2015.07.24 17:29:37.855,9.42549,9.4308,1.07,1.00
2015.07.24 17:29:38.834,9.42549,9.43024,1.07,1.50
2015.07.24 17:29:41.006,9.42545,9.43024,1.07,1.50
2015.07.24 17:29:42.483,9.42545,9.43024,1.37,1.50
2015.07.24 17:29:42.982,9.42545,9.43024,1.00,1.50
2015.07.24 17:29:43.974,9.42545,9.43024,1.37,1.50
2015.07.24 17:29:45.292,9.42545,9.43024,1.00,1.50
2015.07.24 17:29:46.723,9.42545,9.43024,1.37,1.50
2015.07.24 17:29:46.876,9.42545,9.43044,1.37,1.50
2015.07.24 17:29:48.019,9.42545,9.43034,1.37,1.50
2015.07.24 17:29:52.903,9.42545,9.4311,1.37,1.00
2015.07.24 17:29:54.394,9.42545,9.43034,1.37,1.50
2015.07.24 17:29:57.878,9.42549,9.43114,1.07,1.50
2015.07.24 17:29:58.823,9.42549,9.43044,1.07,1.50
2015.07.24 17:30:00.831,9.42549,9.43024,1.07,1.50
2015.07.24 17:30:01.823,9.42549,9.43045,1.07,1.50
2015.07.24 17:30:02.893,9.42547,9.43111,1.12,1.00
2015.07.24 17:30:03.921,9.42547,9.43034,1.12,1.50
2015.07.24 17:30:11.295,9.42547,9.43034,1.00,1.50
2015.07.24 17:30:12.153,9.42547,9.43034,1.07,1.50
2015.07.24 17:30:12.685,9.42547,9.43034,1.07,1.50
2015.07.24 17:30:13.256,9.42547,9.43034,1.07,1.50
2015.07.24 17:30:14.056,9.42547,9.43054,1.07,1.50
2015.07.24 17:30:15.241,9.42547,9.43054,1.37,1.50
2015.07.24 17:30:15.810,9.42547,9.43054,1.00,1.57
2015.07.24 17:30:15.861,9.42547,9.43044,1.00,1.00
2015.07.24 17:30:16.193,9.42547,9.43024,1.00,1.50
2015.07.24 17:30:16.525,9.42547,9.43024,1.07,1.50
2015.07.24 17:30:16.851,9.42547,9.43024,1.37,1.50
2015.07.24 17:30:17.391,9.42547,9.43024,1.07,1.50
2015.07.24 17:30:18.036,9.42547,9.43024,1.07,1.50
2015.07.24 17:30:18.842,9.42547,9.43044,1.07,1.50
2015.07.24 17:30:18.995,9.42547,9.43044,1.07,1.50
2015.07.24 17:30:19.861,9.42547,9.43034,1.07,1.50
2015.07.24 17:30:20.511,9.4254,9.43034,1.07,1.50
2015.07.24 17:30:20.754,9.4254,9.43034,1.37,1.50
2015.07.24 17:30:21.902,9.4254,9.43044,1.37,1.50
2015.07.24 17:30:22.819,9.4254,9.43034,1.37,1.50
2015.07.24 17:30:24.085,9.42551,9.43044,1.07,1.50
2015.07.24 17:30:25.931,9.4257,9.43119,1.00,1.00
2015.07.24 17:30:26.232,9.4257,9.43119,1.07,1.07
2015.07.24 17:30:26.873,9.4257,9.43054,1.07,1.50
2015.07.24 17:30:27.237,9.4257,9.43054,1.07,1.50
2015.07.24 17:30:27.877,9.4257,9.43044,1.07,1.50
2015.07.24 17:30:28.200,9.4257,9.43044,1.07,1.50
2015.07.24 17:30:28.877,9.4257,9.43054,1.07,1.50
2015.07.24 17:30:28.978,9.4257,9.43054,1.12,1.50
2015.07.24 17:30:29.541,9.4257,9.43054,1.07,1.50
2015.07.24 17:30:29.842,9.4257,9.43064,1.07,1.50
2015.07.24 17:30:30.517,9.4257,9.43064,1.07,1.50
2015.07.24 17:30:31.199,9.4257,9.43064,1.07,1.50
2015.07.24 17:30:37.225,9.42564,9.43064,1.37,1.50
2015.07.24 17:30:40.764,9.42556,9.43064,1.07,1.50
2015.07.24 17:30:40.953,9.42556,9.43064,1.07,1.50
2015.07.24 17:30:41.734,9.42556,9.43064,1.00,1.50
2015.07.24 17:30:41.987,9.42556,9.43064,1.37,1.50
2015.07.24 17:30:42.533,9.42556,9.43064,1.37,1.50
2015.07.24 17:30:43.244,9.42556,9.43064,1.07,1.50
2015.07.24 17:30:48.327,9.42564,9.43064,1.00,1.50
2015.07.24 17:30:48.480,9.42564,9.43064,1.07,1.50
2015.07.24 17:30:48.784,9.42552,9.42841,1.37,1.00
2015.07.24 17:30:49.141,9.42552,9.42662,1.37,1.00
2015.07.24 17:30:49.192,9.42456,9.4263,1.87,1.00
2015.07.24 17:30:49.446,9.42456,9.42598,1.50,1.00
2015.07.24 17:30:49.892,9.42381,9.42562,1.00,1.00
2015.07.24 17:30:50.781,9.42366,9.42564,1.07,1.00
2015.07.24 17:30:51.097,9.42366,9.42549,1.00,1.00
2015.07.24 17:30:51.734,9.42346,9.4254,1.07,1.00
2015.07.24 17:30:52.802,9.42356,9.4254,1.00,1.00
2015.07.24 17:30:54.408,9.42356,9.42526,1.00,1.00
2015.07.24 17:30:54.735,9.42336,9.42524,1.07,1.00
2015.07.24 17:30:59.355,9.42326,9.42515,1.07,1.00
2015.07.24 17:31:04.228,9.42332,9.42523,1.07,1.00
2015.07.24 17:31:09.354,9.42332,9.42529,1.07,1.00
2015.07.24 17:31:15.778,9.42332,9.42532,1.07,1.00
2015.07.24 17:31:38.205,9.42333,9.42544,1.07,1.00
2015.07.24 17:31:46.415,9.42332,9.42544,1.07,1.00
2015.07.24 17:31:54.130,9.42332,9.42545,1.07,1.00
2015.07.24 17:32:07.028,9.42337,9.42539,1.07,1.00
2015.07.24 17:32:07.231,9.42337,9.42539,1.00,1.00
2015.07.24 17:32:08.182,9.42337,9.42539,1.07,1.00
2015.07.24 17:32:09.378,9.42346,9.42539,1.00,1.00
2015.07.24 17:32:09.682,9.42337,9.42539,1.07,1.00
2015.07.24 17:32:15.020,9.42337,9.42541,1.07,1.00
2015.07.24 17:32:16.233,9.42356,9.42541,1.00,1.00
2015.07.24 17:32:16.683,9.42337,9.42541,1.07,1.00
2015.07.24 17:32:20.295,9.42337,9.42535,1.07,1.00
2015.07.24 17:32:20.500,9.42334,9.42535,1.00,1.00
2015.07.24 17:32:21.397,9.42346,9.42535,1.00,1.00
2015.07.24 17:32:21.596,9.42334,9.42535,1.00,1.00
2015.07.24 17:32:22.923,9.42334,9.42535,1.07,1.00
2015.07.24 17:32:26.321,9.42336,9.42531,1.07,1.00
2015.07.24 17:32:27.451,9.42356,9.42531,1.00,1.00
2015.07.24 17:32:28.225,9.42326,9.42531,1.07,1.00
2015.07.24 17:32:31.880,9.42316,9.42515,1.37,1.00
2015.07.24 17:32:33.744,9.42316,9.42509,1.00,1.00
2015.07.24 17:32:33.795,9.42326,9.42509,1.00,1.00
2015.07.24 17:32:34.461,9.42316,9.42509,1.00,1.00
2015.07.24 17:32:36.761,9.42326,9.42509,1.00,1.00
2015.07.24 17:32:38.961,9.42305,9.42488,1.07,1.00
2015.07.24 17:32:39.462,9.42296,9.42486,1.07,1.00
2015.07.24 17:32:44.240,9.42306,9.4249,1.07,1.00
2015.07.24 17:32:46.280,9.42306,9.4249,1.00,1.00
2015.07.24 17:32:47.490,9.42296,9.4249,1.00,1.00
2015.07.24 17:32:47.943,9.42306,9.4249,1.00,1.00
2015.07.24 17:32:49.197,9.42306,9.42494,1.00,1.00
2015.07.24 17:32:49.506,9.42306,9.42494,1.07,1.00
2015.07.24 17:32:50.766,9.42306,9.42494,1.00,1.00
2015.07.24 17:32:51.640,9.42296,9.42494,1.00,1.00
2015.07.24 17:32:52.366,9.42296,9.42494,1.37,1.00
2015.07.24 17:32:54.597,9.42296,9.42509,1.37,1.00
2015.07.24 17:32:57.493,9.42335,9.42509,1.00,1.00
2015.07.24 17:32:59.133,9.42326,9.42509,1.00,1.00
2015.07.24 17:33:03.797,9.42336,9.42514,1.00,1.00
2015.07.24 17:33:04.125,9.42316,9.42514,1.37,1.00
2015.07.24 17:33:04.982,9.42316,9.42514,1.00,1.00
2015.07.24 17:33:05.134,9.42336,9.42514,1.00,1.00
2015.07.24 17:33:07.461,9.42316,9.42514,1.00,1.00
2015.07.24 17:33:07.909,9.42306,9.42514,1.00,1.00
2015.07.24 17:33:08.062,9.42306,9.42514,1.37,1.00
2015.07.24 17:33:08.681,9.42316,9.42514,1.07,1.00
2015.07.24 17:33:09.526,9.42316,9.42516,1.07,1.00
2015.07.24 17:33:10.987,9.42346,9.42516,1.00,1.00
2015.07.24 17:33:11.727,9.42336,9.42516,1.00,1.00
2015.07.24 17:33:15.220,9.42336,9.42518,1.00,1.00
2015.07.24 17:33:17.616,9.42326,9.42518,1.07,1.00
2015.07.24 17:33:23.921,9.42326,9.42511,1.07,1.00
2015.07.24 17:33:24.233,9.42326,9.42511,1.00,1.00
2015.07.24 17:33:26.322,9.42306,9.42511,1.07,1.00
2015.07.24 17:33:27.593,9.42306,9.42511,1.37,1.00
2015.07.24 17:33:30.273,9.42306,9.42513,1.37,1.00
2015.07.24 17:33:34.776,9.42346,9.42513,1.00,1.00
2015.07.24 17:33:35.400,9.42346,9.42518,1.00,1.00
2015.07.24 17:33:35.604,9.42315,9.42518,1.37,1.00
2015.07.24 17:33:41.619,9.42315,9.42532,1.37,1.00
2015.07.24 17:33:42.576,9.42315,9.42532,1.00,1.00
2015.07.24 17:33:44.169,9.42316,9.42532,1.00,1.00
2015.07.24 17:33:45.084,9.42326,9.42532,1.00,1.00
2015.07.24 17:33:50.634,9.42326,9.42532,1.07,1.00
2015.07.24 17:33:50.954,9.42326,9.42523,1.07,1.00
2015.07.24 17:33:51.030,9.42326,9.42523,1.00,1.00
2015.07.24 17:33:51.914,9.42326,9.42577,1.00,1.00
2015.07.24 17:33:55.231,9.42356,9.42577,1.00,1.00
2015.07.24 17:33:56.418,9.42366,9.42577,1.00,1.00
2015.07.24 17:33:56.636,9.42346,9.42577,1.07,1.00
2015.07.24 17:33:56.868,9.42346,9.42579,1.07,1.00
2015.07.24 17:33:56.970,9.42346,9.42579,1.00,1.00
2015.07.24 17:33:57.675,9.42336,9.42579,1.00,1.00
2015.07.24 17:34:07.350,9.42336,9.42566,1.00,1.00
2015.07.24 17:34:16.819,9.42336,9.42572,1.00,1.00
2015.07.24 17:34:18.055,9.42346,9.42572,1.00,1.00
2015.07.24 17:34:22.388,9.42484,9.42648,2.10,1.00
2015.07.24 17:34:22.898,9.42504,9.42677,2.85,1.00
2015.07.24 17:34:23.223,9.4251,9.4268,2.10,1.00
2015.07.24 17:34:24.278,9.42513,9.42681,2.17,1.00
2015.07.24 17:34:25.880,9.42576,9.42686,1.00,1.00
2015.07.24 17:34:30.145,9.42576,9.42692,1.00,1.00
2015.07.24 17:34:43.226,9.42576,9.42694,1.00,1.00
2015.07.24 17:35:02.378,9.42576,9.42706,1.00,1.00
2015.07.24 17:35:11.028,9.42576,9.42707,1.00,1.00
2015.07.24 17:35:16.639,9.42576,9.42706,1.00,1.00
2015.07.24 17:35:26.078,9.4252,9.42708,2.10,1.00
2015.07.24 17:35:51.553,9.42616,9.42716,1.00,1.00
2015.07.24 17:36:01.882,9.42626,9.42718,1.00,1.00
2015.07.24 17:36:15.849,9.42615,9.4272,1.00,1.00
2015.07.24 17:36:26.822,9.42606,9.42711,1.00,1.00
2015.07.24 17:36:28.384,9.42606,9.42708,1.00,1.00
2015.07.24 17:36:35.105,9.42616,9.42712,1.00,1.00
2015.07.24 17:36:44.855,9.42616,9.42718,1.00,1.00
2015.07.24 17:36:46.146,9.42606,9.42712,1.00,1.00
2015.07.24 17:36:58.076,9.42606,9.42707,1.00,1.00
2015.07.24 17:37:01.397,9.42626,9.42711,1.00,1.00
2015.07.24 17:37:02.401,9.42616,9.42711,1.00,1.00
