2010.10.01 03:07:10.384,9.18535,9.1908,2.40,1.00
2010.10.01 03:07:10.537,9.18535,9.19025,1.60,1.00
2010.10.01 03:07:10.942,9.18765,9.19025,1.60,1.00
2010.10.01 03:07:11.439,9.18765,9.19005,1.60,1.00
2010.10.01 03:07:11.521,9.18765,9.1901,1.60,1.60
2010.10.01 03:07:11.761,9.182,9.19015,1.00,1.00
2010.10.01 03:07:12.001,9.18345,9.1896,1.00,1.00
2010.10.01 03:07:12.240,9.18195,9.19025,1.00,1.00
2010.10.01 03:07:12.480,9.18705,9.1898,1.60,1.00
2010.10.01 03:07:12.989,9.18705,9.19055,1.60,1.00
2010.10.01 03:07:13.749,9.18315,9.18975,1.60,1.00
2010.10.01 03:07:13.850,9.18315,9.18875,1.60,1.00
2010.10.01 03:07:13.958,9.18765,9.18875,1.60,1.00
2010.10.01 03:07:14.059,9.18765,9.189,1.60,1.00
2010.10.01 03:07:14.168,9.18335,9.19125,1.60,1.00
2010.10.01 03:07:14.369,9.18335,9.1892,1.60,1.00
2010.10.01 03:07:14.478,9.18765,9.1892,1.60,1.00
2010.10.01 03:07:14.579,9.18765,9.1915,1.60,1.00
2010.10.01 03:07:15.209,9.18355,9.1915,1.60,1.00
2010.10.01 03:07:15.952,9.18255,9.1877,1.00,1.60
2010.10.01 03:07:16.161,9.18255,9.19175,1.00,1.00
2010.10.01 03:07:16.369,9.18375,9.19175,1.60,1.00
2010.10.01 03:07:17.287,9.183,9.18985,4.00,1.60
2010.10.01 03:07:17.498,9.18295,9.1887,1.00,1.60
2010.10.01 03:07:17.704,9.18705,9.1901,1.60,6.00
2010.10.01 03:07:17.911,9.18185,9.1886,1.00,1.00
2010.10.01 03:07:18.111,9.18705,9.19,1.60,1.00
2010.10.01 03:07:18.310,9.18705,9.1916,1.60,1.60
2010.10.01 03:07:18.974,9.18705,9.1918,1.60,1.00
2010.10.01 03:07:19.284,9.18375,9.1918,1.60,4.50
2010.10.01 03:07:19.489,9.18765,9.1916,1.60,4.00
2010.10.01 03:07:19.691,9.18765,9.1902,1.60,6.00
2010.10.01 03:07:19.890,9.18765,9.1887,1.60,1.00
2010.10.01 03:07:20.090,9.18765,9.1896,1.60,4.00
2010.10.01 03:07:20.289,9.18765,9.19205,1.60,4.00
2010.10.01 03:07:20.491,9.18195,9.19205,4.00,1.00
2010.10.01 03:07:20.590,9.18185,9.19145,1.00,4.00
2010.10.01 03:07:20.689,9.18185,9.1912,1.00,4.00
2010.10.01 03:07:20.879,9.18705,9.1912,1.60,4.00
2010.10.01 03:07:21.161,9.1827,9.18865,1.00,1.60
2010.10.01 03:07:21.540,9.1819,9.18865,4.00,1.60
2010.10.01 03:07:21.653,9.1813,9.187,1.00,1.00
2010.10.01 03:07:21.760,9.18115,9.187,1.00,1.00
2010.10.01 03:07:21.872,9.18705,9.1873,1.60,1.60
2010.10.01 03:07:22.180,9.18705,9.1909,1.60,1.60
2010.10.01 03:07:22.288,9.18705,9.1908,1.60,4.00
2010.10.01 03:07:23.163,9.18115,9.1905,1.00,1.00
2010.10.01 03:07:23.843,9.18335,9.1901,1.00,1.00
2010.10.01 03:07:23.909,9.18705,9.1901,1.60,1.00
2010.10.01 03:07:24.160,9.18705,9.1901,1.60,2.40
2010.10.01 03:07:24.231,9.18805,9.18885,1.60,6.00
2010.10.01 03:07:24.300,9.1827,9.1875,5.60,1.00
2010.10.01 03:07:24.373,9.1817,9.1864,4.00,1.60
2010.10.01 03:07:24.440,9.18095,9.1864,1.00,1.60
2010.10.01 03:07:24.571,9.18095,9.1873,1.00,1.00
2010.10.01 03:07:24.638,9.18095,9.19225,1.00,1.00
2010.10.01 03:07:25.464,9.1825,9.1899,4.00,1.00
2010.10.01 03:07:25.761,9.18195,9.1904,1.00,4.00
2010.10.01 03:07:26.059,9.18195,9.1899,1.00,1.00
2010.10.01 03:07:26.359,9.184,9.1899,1.00,1.00
2010.10.01 03:07:26.420,9.18765,9.1899,1.60,1.00
2010.10.01 03:07:26.641,9.184,9.18785,1.00,1.60
2010.10.01 03:07:26.702,9.18155,9.18785,1.00,1.60
2010.10.01 03:07:26.760,9.1842,9.18785,4.00,1.60
2010.10.01 03:07:26.823,9.1842,9.1864,4.00,2.40
2010.10.01 03:07:27.222,9.1842,9.1861,4.00,2.40
2010.10.01 03:07:27.525,9.18185,9.1895,4.00,1.00
2010.10.01 03:07:27.817,9.18705,9.1895,1.60,1.00
2010.10.01 03:07:28.103,9.1808,9.1897,1.00,1.00
2010.10.01 03:07:28.700,9.18705,9.1893,1.60,1.00
2010.10.01 03:07:29.056,9.18705,9.1922,1.60,4.00
2010.10.01 03:07:29.403,9.18345,9.1922,1.60,4.00
2010.10.01 03:07:30.182,9.1828,9.1919,4.00,1.00
2010.10.01 03:07:30.441,9.1828,9.1913,4.00,1.00
2010.10.01 03:07:30.500,9.18265,9.1909,1.60,4.00
2010.10.01 03:07:32.950,9.18705,9.1909,1.60,4.00
2010.10.01 03:07:33.090,9.1808,9.1871,1.00,1.00
2010.10.01 03:07:33.139,9.1812,9.1871,4.00,1.00
2010.10.01 03:07:33.398,9.1812,9.1874,4.00,1.60
2010.10.01 03:07:33.448,9.18095,9.1874,4.00,1.60
2010.10.01 03:07:33.498,9.1808,9.1874,1.00,1.60
2010.10.01 03:07:33.549,9.1808,9.1882,1.00,1.00
2010.10.01 03:07:33.598,9.1808,9.1888,1.00,4.00
2010.10.01 03:07:33.697,9.1808,9.18905,1.00,4.00
2010.10.01 03:07:33.747,9.1808,9.1923,1.00,1.00
2010.10.01 03:07:33.848,9.1808,9.1891,1.00,1.00
2010.10.01 03:07:34.208,9.18705,9.1891,1.60,1.00
2010.10.01 03:07:34.321,9.18705,9.1907,1.60,1.00
2010.10.01 03:07:34.540,9.18705,9.19105,1.60,4.00
2010.10.01 03:07:34.651,9.18705,9.1923,1.60,1.00
2010.10.01 03:07:34.762,9.1827,9.19205,4.00,6.00
2010.10.01 03:07:34.874,9.1827,9.1912,4.00,1.60
2010.10.01 03:07:34.995,9.18755,9.1912,1.60,1.60
2010.10.01 03:07:35.110,9.18755,9.191,1.60,4.00
2010.10.01 03:07:35.220,9.18855,9.19125,1.60,4.00
2010.10.01 03:07:35.330,9.18855,9.19255,1.60,1.00
2010.10.01 03:07:35.993,9.18855,9.19275,1.60,1.00
2010.10.01 03:07:36.303,9.1841,9.19275,4.00,1.00
2010.10.01 03:07:36.449,9.18365,9.1919,1.60,4.00
2010.10.01 03:07:37.050,9.18815,9.1919,1.60,4.00
2010.10.01 03:07:37.201,9.1836,9.19195,4.00,6.00
2010.10.01 03:07:37.351,9.18335,9.1911,4.00,1.00
2010.10.01 03:07:37.459,9.18245,9.1911,1.60,1.00
2010.10.01 03:07:39.747,9.18755,9.1911,1.60,1.00
2010.10.01 03:07:39.832,9.1808,9.18935,1.00,1.60
2010.10.01 03:07:39.920,9.18755,9.1876,1.60,1.60
2010.10.01 03:07:40.007,9.1808,9.1892,1.00,1.00
2010.10.01 03:07:40.298,9.1808,9.1876,1.00,1.60
2010.10.01 03:07:41.257,9.1818,9.18705,1.00,1.80
2010.10.01 03:07:42.423,9.18755,9.1878,1.60,5.20
2010.10.01 03:07:42.527,9.1808,9.189,1.00,1.00
2010.10.01 03:07:42.629,9.1808,9.1892,1.00,4.00
2010.10.01 03:07:42.688,9.1808,9.1907,1.00,1.60
2010.10.01 03:07:42.740,9.1809,9.1889,1.00,6.00
2010.10.01 03:07:42.800,9.1809,9.1856,1.00,2.40
2010.10.01 03:07:42.861,9.1809,9.1853,1.00,2.40
2010.10.01 03:07:42.972,9.1808,9.1853,1.00,2.40
2010.10.01 03:07:46.070,9.1818,9.1849,1.00,2.40
2010.10.01 03:07:47.027,9.1818,9.1843,1.00,1.00
2010.10.01 03:07:48.050,9.1818,9.1841,1.00,1.00
2010.10.01 03:07:48.998,9.1818,9.184,1.00,1.00
2010.10.01 03:07:49.089,9.1818,9.18465,1.00,1.00
2010.10.01 03:07:49.127,9.1818,9.1849,1.00,2.40
2010.10.01 03:07:49.188,9.1818,9.1852,1.00,2.40
2010.10.01 03:07:49.248,9.1818,9.1853,1.00,1.00
2010.10.01 03:07:49.278,9.18755,9.1879,1.60,5.60
2010.10.01 03:07:49.611,9.1825,9.1918,4.00,1.60
2010.10.01 03:07:49.979,9.1825,9.19225,4.00,1.60
2010.10.01 03:07:50.338,9.18335,9.18965,4.00,1.60
2010.10.01 03:07:50.684,9.1827,9.18845,1.00,1.60
2010.10.01 03:07:51.038,9.18245,9.18845,1.00,1.60
2010.10.01 03:07:51.226,9.182,9.18715,1.00,1.60
2010.10.01 03:07:51.864,9.1818,9.18715,1.00,1.60
2010.10.01 03:07:52.052,9.18155,9.18715,1.00,1.60
2010.10.01 03:07:52.406,9.1801,9.1852,1.00,1.00
2010.10.01 03:07:53.061,9.18,9.1852,1.00,1.00
2010.10.01 03:07:53.206,9.1786,9.1848,1.00,1.00
2010.10.01 03:07:54.109,9.1786,9.1846,1.00,1.00
2010.10.01 03:07:55.019,9.1788,9.1841,1.00,1.00
2010.10.01 03:07:55.993,9.1788,9.1838,1.00,1.00
2010.10.01 03:07:56.997,9.1788,9.1837,1.00,1.00
2010.10.01 03:07:58.152,9.1788,9.1836,1.00,1.00
2010.10.01 03:08:58.470,9.17865,9.18425,1.00,1.60
2010.10.01 03:09:45.949,9.1795,9.1837,1.00,1.00
2010.10.01 03:09:46.068,9.1795,9.18375,1.00,1.00
2010.10.01 03:09:46.187,9.17975,9.18375,1.60,1.00
2010.10.01 03:09:46.370,9.17975,9.1852,1.60,1.00
2010.10.01 03:09:46.440,9.1802,9.1878,1.60,4.00
2010.10.01 03:09:46.509,9.181,9.1878,1.00,4.00
2010.10.01 03:09:46.570,9.1823,9.18835,4.00,1.00
2010.10.01 03:09:50.978,9.1825,9.1899,4.00,1.00
2010.10.01 03:09:51.118,9.1839,9.1899,4.00,1.00
2010.10.01 03:09:57.929,9.1841,9.18945,4.00,1.00
2010.10.01 03:09:58.441,9.1834,9.18945,4.00,1.00
2010.10.01 03:10:59.339,9.18145,9.18945,1.00,1.00
2010.10.01 03:11:08.918,9.183,9.18945,1.00,1.00
2010.10.01 03:14:57.169,9.18145,9.18945,1.00,1.00
2010.10.01 03:14:58.257,9.1812,9.18945,1.60,1.00
2010.10.01 03:20:30.105,9.18165,9.18945,1.00,1.00
2010.10.01 03:24:05.183,9.1812,9.18945,1.60,1.00
2010.10.01 03:25:29.645,9.18165,9.18945,1.00,1.00
2010.10.01 03:30:05.096,9.1812,9.18945,1.60,1.00
2010.10.01 03:30:22.416,9.184,9.18945,1.00,1.00
2010.10.01 03:54:40.261,9.1808,9.18945,1.60,1.00
2010.10.01 03:54:40.453,9.1808,9.18925,1.60,1.60
2010.10.01 03:54:40.556,9.1828,9.188,1.00,1.00
2010.10.01 03:55:07.542,9.1832,9.18635,1.00,1.00
2010.10.01 03:56:11.170,9.1832,9.18515,1.00,1.60
2010.10.01 03:56:41.620,9.1832,9.18485,1.00,1.60
2010.10.01 03:56:45.933,9.1832,9.1847,1.00,1.00
