2014.04.18 02:00:04.524,9.12067,9.12863,1.00,1.00
2014.04.18 02:00:05.528,9.12068,9.12825,1.00,1.00
2014.04.18 02:04:37.625,9.12197,9.12825,1.00,1.00
2014.04.18 02:04:38.957,9.12197,9.1284,1.00,1.00
2014.04.18 02:04:51.474,9.12198,9.1284,1.00,1.00
2014.04.18 02:04:54.445,9.12178,9.1284,1.00,1.00
2014.04.18 02:04:54.775,9.12067,9.1284,1.00,1.00
2014.04.18 02:06:33.347,9.12208,9.1284,1.88,1.00
2014.04.18 02:06:33.691,9.12208,9.12838,1.88,1.00
2014.04.18 02:06:35.362,9.12208,9.1284,1.88,1.00
2014.04.18 02:06:50.409,9.12208,9.12839,1.88,1.00
2014.04.18 02:08:24.469,9.12208,9.12844,1.88,1.00
2014.04.18 02:09:16.939,9.12208,9.12846,1.88,1.00
2014.04.18 02:09:26.728,9.12207,9.12846,1.88,1.00
2014.04.18 02:11:25.947,9.12207,9.12863,1.88,1.00
2014.04.18 02:11:30.952,9.12207,9.12862,1.88,1.00
2014.04.18 02:12:00.220,9.12207,9.12863,1.88,1.00
2014.04.18 02:12:02.044,9.12207,9.12849,1.88,1.00
2014.04.18 02:12:03.061,9.12207,9.12845,1.88,1.00
2014.04.18 02:12:42.935,9.12207,9.12862,1.88,1.00
2014.04.18 02:14:27.850,9.12164,9.12862,1.00,1.00
2014.04.18 02:16:51.677,9.12243,9.12882,1.00,1.00
2014.04.18 02:16:52.101,9.12408,9.12882,1.88,1.00
2014.04.18 02:16:55.122,9.12408,9.12883,1.88,1.50
2014.04.18 02:17:55.700,9.12408,9.12882,1.88,1.00
2014.04.18 02:17:56.706,9.12408,9.12883,1.88,1.00
2014.04.18 02:18:08.876,9.12408,9.1255,1.88,1.00
2014.04.18 02:18:08.978,9.12263,9.12503,1.00,1.88
2014.04.18 02:18:09.079,9.12169,9.12503,1.00,1.88
2014.04.18 02:18:09.187,9.12138,9.12503,1.00,1.88
2014.04.18 02:18:10.174,9.12137,9.12503,1.00,1.88
2014.04.18 02:18:11.164,9.12138,9.12503,1.00,1.88
2014.04.18 02:18:11.893,9.12138,9.12482,1.00,1.00
2014.04.18 02:18:12.916,9.12138,9.12473,1.00,1.00
2014.04.18 02:18:13.945,9.12138,9.12462,1.00,1.00
2014.04.18 02:18:29.097,9.12097,9.12462,1.88,1.38
2014.04.18 02:18:29.400,9.11942,9.12193,1.00,1.88
2014.04.18 02:18:29.451,9.11796,9.12193,1.00,1.88
2014.04.18 02:18:29.552,9.11784,9.12193,1.00,1.88
2014.04.18 02:18:29.654,9.11698,9.12193,1.00,1.88
2014.04.18 02:18:29.755,9.11667,9.12193,1.00,1.88
2014.04.18 02:18:30.096,9.11598,9.12193,1.00,1.88
2014.04.18 02:18:30.876,9.11527,9.12193,1.88,1.88
2014.04.18 02:18:30.978,9.11527,9.12297,1.88,1.00
2014.04.18 02:18:31.130,9.11774,9.1234,1.00,1.00
2014.04.18 02:18:31.231,9.11773,9.12461,1.00,1.00
2014.04.18 02:18:31.332,9.11774,9.12521,1.00,1.00
2014.04.18 02:18:31.433,9.11773,9.12568,1.00,1.00
2014.04.18 02:18:31.535,9.11774,9.12646,1.00,1.00
2014.04.18 02:18:32.132,9.11754,9.12626,1.00,1.00
2014.04.18 02:18:50.644,9.12108,9.12626,1.88,1.00
2014.04.18 02:18:50.847,9.12108,9.12671,1.88,1.00
2014.04.18 02:18:50.948,9.12108,9.1279,1.88,1.00
2014.04.18 02:18:51.049,9.12108,9.12866,1.88,1.00
2014.04.18 02:18:51.151,9.12108,9.12892,1.88,1.88
2014.04.18 02:18:53.670,9.12108,9.12888,1.88,1.00
2014.04.18 02:18:55.911,9.12108,9.12877,1.88,1.00
2014.04.18 02:19:01.077,9.12108,9.12877,2.48,1.00
2014.04.18 02:19:01.380,9.12407,9.12893,1.88,2.63
2014.04.18 02:19:03.116,9.12407,9.12882,1.88,1.00
2014.04.18 02:19:04.174,9.12407,9.12883,1.88,1.00
2014.04.18 02:19:06.088,9.12407,9.12893,1.88,2.63
2014.04.18 02:19:07.099,9.12407,9.12883,1.88,1.00
2014.04.18 02:20:43.054,9.12407,9.12882,1.88,1.00
2014.04.18 02:20:49.102,9.12407,9.1265,1.88,1.00
2014.04.18 02:20:49.203,9.12263,9.1265,1.00,1.00
2014.04.18 02:20:49.305,9.12257,9.12649,1.00,1.00
2014.04.18 02:20:49.814,9.12257,9.1265,1.00,1.00
2014.04.18 02:20:50.478,9.12258,9.1265,1.00,1.00
2014.04.18 02:20:51.164,9.12257,9.1265,1.00,1.00
2014.04.18 02:20:51.803,9.12248,9.1265,1.88,1.00
2014.04.18 02:20:51.905,9.12248,9.12549,1.88,1.00
2014.04.18 02:20:52.006,9.1215,9.12452,1.00,1.88
2014.04.18 02:20:52.108,9.12133,9.12452,1.00,1.88
2014.04.18 02:20:52.209,9.12108,9.12452,1.00,1.88
2014.04.18 02:20:58.086,9.12048,9.12452,2.63,2.63
2014.04.18 02:20:58.137,9.12097,9.12498,1.88,1.00
2014.04.18 02:20:58.239,9.12097,9.12503,1.88,1.88
2014.04.18 02:21:01.428,9.12107,9.1264,1.88,1.00
2014.04.18 02:21:01.530,9.12107,9.12686,1.88,1.00
2014.04.18 02:21:01.631,9.12107,9.12764,1.88,1.00
2014.04.18 02:21:01.754,9.12107,9.12829,1.88,1.00
2014.04.18 02:21:01.877,9.12107,9.12848,1.88,1.00
2014.04.18 02:22:13.336,9.12112,9.12848,1.00,1.00
2014.04.18 02:22:15.241,9.12113,9.12834,1.00,1.00
2014.04.18 02:23:07.669,9.12107,9.12848,1.88,1.00
2014.04.18 02:23:13.384,9.12107,9.12847,1.88,1.00
2014.04.18 02:23:52.423,9.12107,9.1289,1.88,1.00
2014.04.18 02:24:01.535,9.12107,9.12892,1.88,1.00
2014.04.18 02:24:01.664,9.12107,9.12846,1.88,1.00
2014.04.18 02:24:07.231,9.12112,9.12837,1.00,1.00
2014.04.18 02:24:10.564,9.12107,9.12892,1.88,1.00
2014.04.18 02:25:14.829,9.12107,9.12882,1.88,1.00
2014.04.18 02:26:01.450,9.1209,9.12882,1.00,1.00
2014.04.18 02:26:07.493,9.12097,9.12892,1.00,1.00
2014.04.18 02:26:17.279,9.12097,9.12893,1.00,1.00
2014.04.18 02:26:24.588,9.12067,9.12893,1.00,1.00
2014.04.18 02:27:21.894,9.12078,9.12893,1.00,1.00
2014.04.18 02:27:22.335,9.12098,9.12893,1.00,1.00
2014.04.18 02:27:24.501,9.12078,9.12893,1.00,1.00
2014.04.18 02:27:24.907,9.12087,9.12893,1.00,1.00
2014.04.18 02:27:26.837,9.12088,9.12893,1.00,1.00
2014.04.18 02:27:30.185,9.1209,9.12892,1.00,1.00
2014.04.18 02:28:21.613,9.12077,9.12893,1.00,1.00
2014.04.18 02:28:26.423,9.12076,9.12892,1.00,1.00
2014.04.18 02:28:47.124,9.12066,9.12893,1.00,1.00
2014.04.18 02:28:58.698,9.12087,9.12892,1.00,1.00
2014.04.18 02:28:59.116,9.12098,9.12892,1.00,1.00
2014.04.18 02:29:00.466,9.12098,9.12889,1.00,1.00
2014.04.18 02:29:03.606,9.12098,9.12892,1.00,1.00
2014.04.18 02:29:08.660,9.12098,9.12893,1.00,1.50
2014.04.18 02:29:18.705,9.12098,9.12882,1.00,1.00
2014.04.18 02:29:23.435,9.12098,9.12893,1.00,1.00
2014.04.18 02:29:24.490,9.12078,9.12893,1.00,1.00
2014.04.18 02:29:24.541,9.12066,9.12893,1.00,1.00
2014.04.18 02:29:27.945,9.12066,9.12883,1.00,1.00
2014.04.18 02:29:29.690,9.12089,9.12883,1.00,1.00
2014.04.18 02:29:36.418,9.12089,9.12893,1.00,1.00
2014.04.18 02:29:36.557,9.12066,9.12893,1.00,1.00
2014.04.18 02:29:39.056,9.12089,9.12893,1.00,1.00
2014.04.18 02:29:42.886,9.12088,9.12893,1.00,1.00
2014.04.18 02:29:55.870,9.12067,9.12892,1.00,1.00
2014.04.18 02:30:00.201,9.12067,9.12883,1.00,1.00
2014.04.18 02:30:00.724,9.12067,9.12892,1.00,1.00
2014.04.18 02:30:20.132,9.1209,9.12892,1.00,1.00
2014.04.18 02:30:27.318,9.12067,9.12892,1.00,1.00
2014.04.18 02:30:27.369,9.12097,9.12892,1.00,1.00
2014.04.18 02:30:54.598,9.12068,9.12892,1.00,1.00
2014.04.18 02:30:55.165,9.12067,9.12892,1.00,1.00
2014.04.18 02:31:03.465,9.12057,9.12893,1.00,1.00
2014.04.18 02:31:10.404,9.12058,9.12885,1.00,1.00
2014.04.18 02:31:11.410,9.12058,9.12862,1.00,1.00
2014.04.18 02:31:11.658,9.12062,9.12893,1.00,1.00
2014.04.18 02:31:16.133,9.12063,9.12893,1.00,1.00
2014.04.18 02:32:30.883,9.12067,9.12893,1.00,1.00
2014.04.18 02:32:31.493,9.12097,9.12893,1.00,1.00
2014.04.18 02:32:54.471,9.12077,9.12893,1.00,1.00
2014.04.18 02:32:54.539,9.12067,9.12893,1.00,1.00
2014.04.18 02:33:31.312,9.12067,9.12882,1.00,1.00
2014.04.18 02:33:31.571,9.12067,9.12893,1.00,1.00
2014.04.18 02:33:48.373,9.12067,9.12883,1.00,1.00
2014.04.18 02:35:21.795,9.12067,9.12893,1.00,1.00
2014.04.18 02:35:43.351,9.12047,9.12893,1.00,1.00
2014.04.18 02:35:44.651,9.1205,9.12893,1.00,1.00
2014.04.18 02:35:46.914,9.12056,9.12893,1.00,1.00
2014.04.18 02:35:49.129,9.12061,9.12892,1.00,1.00
2014.04.18 02:35:52.649,9.12065,9.12892,1.00,1.00
2014.04.18 02:36:00.362,9.12097,9.12892,1.00,1.00
2014.04.18 02:36:01.124,9.12097,9.12893,1.00,1.00
2014.04.18 02:36:24.410,9.12077,9.12893,1.00,1.00
2014.04.18 02:36:24.551,9.12066,9.12893,1.00,1.00
2014.04.18 02:36:40.345,9.12066,9.12883,1.00,1.00
2014.04.18 02:36:40.920,9.12063,9.12883,1.00,1.00
2014.04.18 02:36:53.099,9.12067,9.12883,1.00,1.00
2014.04.18 02:36:53.481,9.12067,9.12892,1.00,1.00
2014.04.18 02:37:10.233,9.12045,9.12893,1.00,1.00
2014.04.18 02:37:12.065,9.12048,9.12892,1.00,1.00
2014.04.18 02:37:13.174,9.12056,9.12893,1.00,1.00
2014.04.18 02:37:18.980,9.12056,9.12881,1.00,1.00
2014.04.18 02:37:19.796,9.12063,9.12881,1.00,1.00
2014.04.18 02:37:22.059,9.12063,9.12893,1.00,1.00
2014.04.18 02:37:23.951,9.12046,9.12892,1.00,1.00
2014.04.18 02:37:26.128,9.12056,9.12892,1.00,1.00
2014.04.18 02:37:26.628,9.12098,9.12892,1.00,1.00
2014.04.18 02:37:29.203,9.12098,9.12758,1.00,1.00
2014.04.18 02:37:30.191,9.12098,9.12757,1.00,1.00
2014.04.18 02:37:36.147,9.12098,9.12758,1.00,1.00
2014.04.18 02:37:38.613,9.12098,9.12757,1.00,1.00
2014.04.18 02:37:40.720,9.12098,9.12758,1.00,1.00
2014.04.18 02:37:53.104,9.12098,9.12757,1.00,1.00
2014.04.18 02:37:54.519,9.12058,9.12757,1.00,1.00
2014.04.18 02:37:55.115,9.12068,9.12757,1.00,1.00
2014.04.18 02:37:58.842,9.12076,9.12758,1.00,1.00
2014.04.18 02:38:04.345,9.1207,9.12758,1.00,1.00
2014.04.18 02:38:10.908,9.12066,9.12758,1.00,1.00
2014.04.18 02:38:28.717,9.12084,9.12757,1.00,1.00
2014.04.18 02:38:49.133,9.12081,9.12758,1.00,1.00
2014.04.18 02:38:53.164,9.12076,9.12757,1.00,1.00
2014.04.18 02:39:01.621,9.12067,9.12758,1.00,1.00
2014.04.18 02:39:03.336,9.12067,9.12757,1.00,1.00
2014.04.18 02:39:18.960,9.12076,9.12848,1.00,1.00
2014.04.18 02:39:20.439,9.12053,9.12757,1.00,1.00
2014.04.18 02:39:25.215,9.12065,9.12757,1.00,1.00
2014.04.18 02:39:27.332,9.12077,9.12757,1.00,1.00
2014.04.18 02:39:31.223,9.12071,9.12757,1.00,1.00
2014.04.18 02:39:39.715,9.12067,9.12757,1.00,1.00
2014.04.18 02:39:55.246,9.12083,9.12758,1.00,1.00
2014.04.18 02:39:57.558,9.12066,9.12758,1.00,1.00
2014.04.18 02:40:35.966,9.12033,9.12758,1.00,1.00
2014.04.18 02:40:37.586,9.1205,9.12758,1.00,1.00
2014.04.18 02:41:13.364,9.12083,9.12756,1.00,1.00
2014.04.18 02:41:13.708,9.12097,9.12757,1.00,1.00
2014.04.18 02:41:24.521,9.12078,9.12757,1.00,1.00
2014.04.18 02:41:24.572,9.12065,9.12757,1.00,1.00
2014.04.18 02:41:30.176,9.12071,9.12758,1.00,1.00
2014.04.18 02:41:53.887,9.12066,9.12758,1.00,1.00
2014.04.18 02:42:20.398,9.12067,9.1282,1.00,1.00
2014.04.18 02:43:31.421,9.1205,9.12778,1.00,1.00
2014.04.18 02:43:32.626,9.1205,9.12802,1.00,1.00
2014.04.18 02:43:32.729,9.12051,9.1282,1.00,1.00
2014.04.18 02:43:33.935,9.1205,9.12813,1.00,1.00
2014.04.18 02:43:34.942,9.12054,9.12793,1.00,1.00
2014.04.18 02:43:35.849,9.12079,9.12768,1.00,1.00
2014.04.18 02:43:36.855,9.12091,9.12757,1.00,1.00
2014.04.18 02:43:44.648,9.12083,9.12821,1.00,1.00
2014.04.18 02:43:44.699,9.12098,9.12821,1.00,1.00
2014.04.18 02:43:54.605,9.12083,9.12821,1.00,1.00
2014.04.18 02:44:57.659,9.12067,9.12821,1.00,1.00
2014.04.18 02:45:00.683,9.12097,9.12821,1.00,1.00
2014.04.18 02:45:24.541,9.12067,9.12821,1.00,1.00
2014.04.18 02:45:50.663,9.12069,9.12778,1.00,1.00
2014.04.18 02:45:51.087,9.1207,9.12776,1.00,1.00
2014.04.18 02:45:57.585,9.12091,9.12755,1.00,1.00
2014.04.18 02:46:00.926,9.1208,9.12821,1.00,1.00
2014.04.18 02:46:03.961,9.12078,9.1282,1.00,1.00
2014.04.18 02:46:09.789,9.12084,9.1282,1.00,1.00
2014.04.18 02:47:22.962,9.12068,9.1282,1.00,1.00
2014.04.18 02:48:05.949,9.12051,9.1282,1.00,1.00
2014.04.18 02:48:07.681,9.1205,9.12816,1.00,1.00
2014.04.18 02:48:09.474,9.12066,9.12791,1.00,1.00
2014.04.18 02:48:10.473,9.12083,9.12774,1.00,1.00
2014.04.18 02:48:18.450,9.12078,9.12821,1.00,1.00
2014.04.18 02:48:27.362,9.12068,9.1282,1.00,1.00
2014.04.18 02:48:27.413,9.12098,9.1282,1.00,1.00
2014.04.18 02:48:54.449,9.12077,9.1282,1.00,1.00
2014.04.18 02:48:54.500,9.12068,9.1282,1.00,1.00
2014.04.18 02:49:26.393,9.12077,9.1282,1.00,1.00
2014.04.18 02:49:26.993,9.12098,9.1282,1.00,1.00
2014.04.18 02:49:54.450,9.12068,9.1282,1.00,1.00
2014.04.18 02:50:26.754,9.12098,9.1282,1.00,1.00
2014.04.18 02:50:54.584,9.12068,9.1282,1.00,1.00
2014.04.18 02:51:16.454,9.1208,9.1282,1.00,1.00
2014.04.18 02:51:17.796,9.12078,9.1282,1.00,1.00
2014.04.18 02:51:27.737,9.12059,9.1282,1.00,1.00
2014.04.18 02:51:53.162,9.12073,9.12821,1.00,1.00
2014.04.18 02:51:53.465,9.12098,9.12838,1.00,1.00
2014.04.18 02:51:53.688,9.1206,9.12838,1.00,1.00
2014.04.18 02:51:57.702,9.12084,9.12837,1.00,1.00
2014.04.18 02:52:35.244,9.12068,9.12837,1.00,1.00
2014.04.18 02:54:18.348,9.12077,9.12837,1.00,1.00
2014.04.18 02:54:18.887,9.12098,9.12837,1.00,1.00
2014.04.18 02:54:24.571,9.12068,9.12837,1.00,1.00
2014.04.18 02:54:35.193,9.12087,9.12838,1.00,1.00
2014.04.18 02:54:47.159,9.12085,9.12837,1.00,1.00
2014.04.18 02:54:50.455,9.12074,9.12838,1.00,1.00
2014.04.18 02:54:54.040,9.12074,9.12901,1.00,1.00
2014.04.18 02:55:07.847,9.12068,9.129,1.00,1.00
2014.04.18 02:55:11.570,9.12067,9.129,1.00,1.00
2014.04.18 02:56:33.354,9.1206,9.12834,1.00,1.00
2014.04.18 02:56:34.466,9.12059,9.12827,1.00,1.00
2014.04.18 02:56:38.365,9.12097,9.12827,1.00,1.00
2014.04.18 02:56:38.466,9.12097,9.12901,1.00,1.00
2014.04.18 02:56:50.482,9.12097,9.12892,1.00,1.00
2014.04.18 02:56:51.491,9.12097,9.12885,1.00,1.00
2014.04.18 02:56:54.633,9.12044,9.12885,1.00,1.00
2014.04.18 02:57:30.120,9.12058,9.12901,1.00,1.00
2014.04.18 02:57:30.170,9.12058,9.12886,1.00,1.00
2014.04.18 02:57:31.629,9.12064,9.12886,1.00,1.00
2014.04.18 02:58:25.949,9.12064,9.12885,1.00,1.00
2014.04.18 02:58:26.748,9.12059,9.12885,1.00,1.00
2014.04.18 02:58:27.863,9.12081,9.12854,1.00,1.00
2014.04.18 02:58:29.821,9.12082,9.12825,1.00,1.00
2014.04.18 02:59:27.398,9.12073,9.12885,1.00,1.00
