2014.04.16 23:00:00.272,9.12234,9.12583,1.00,1.50
2014.04.16 23:00:00.449,9.12137,9.12583,1.00,1.50
2014.04.16 23:00:00.790,9.12107,9.12388,1.00,1.38
2014.04.16 23:00:01.093,9.11913,9.12063,5.03,1.88
2014.04.16 23:00:01.418,9.11723,9.12063,5.96,1.88
2014.04.16 23:00:01.620,9.11769,9.12063,6.48,1.88
2014.04.16 23:00:01.721,9.11768,9.12063,5.73,1.88
2014.04.16 23:00:01.822,9.11767,9.12063,7.68,1.88
2014.04.16 23:00:01.924,9.11857,9.12232,1.00,1.50
2014.04.16 23:00:02.026,9.11831,9.12353,2.05,1.50
2014.04.16 23:00:02.127,9.11727,9.12308,1.00,1.00
2014.04.16 23:00:02.228,9.11665,9.1237,1.00,1.00
2014.04.16 23:00:02.329,9.11666,9.12593,1.00,1.88
2014.04.16 23:00:02.429,9.115,9.12593,1.00,1.88
2014.04.16 23:00:02.530,9.1147,9.12593,1.00,1.88
2014.04.16 23:00:03.650,9.1201,9.12505,4.93,1.00
2014.04.16 23:00:03.954,9.11999,9.12471,4.88,1.00
2014.04.16 23:00:04.155,9.11071,9.1247,1.00,1.00
2014.04.16 23:00:04.206,9.11365,9.1247,1.00,1.00
2014.04.16 23:00:04.561,9.11691,9.12507,1.00,1.00
2014.04.16 23:00:04.707,9.11629,9.12507,1.00,1.00
2014.04.16 23:00:04.807,9.11661,9.12507,1.00,1.00
2014.04.16 23:00:08.604,9.1208,9.12507,5.23,1.00
2014.04.16 23:00:08.853,9.11642,9.12593,1.00,1.88
2014.04.16 23:00:08.906,9.11599,9.12593,1.00,1.88
2014.04.16 23:00:09.008,9.1158,9.12593,1.00,1.88
2014.04.16 23:00:09.108,9.12072,9.12593,5.12,1.88
2014.04.16 23:00:09.210,9.11508,9.12593,1.00,1.88
2014.04.16 23:00:09.311,9.11621,9.12593,1.00,1.88
2014.04.16 23:00:13.654,9.11433,9.12593,1.00,1.88
2014.04.16 23:00:13.704,9.11448,9.12593,1.00,1.88
2014.04.16 23:00:13.956,9.11071,9.12593,1.00,1.88
2014.04.16 23:00:14.116,9.12047,9.12593,4.41,1.88
2014.04.16 23:00:14.316,9.11071,9.12593,1.00,1.88
2014.04.16 23:00:14.429,9.11947,9.12593,1.00,1.88
2014.04.16 23:00:14.556,9.11826,9.12593,1.00,1.88
2014.04.16 23:00:14.657,9.1171,9.12593,1.00,1.88
2014.04.16 23:00:14.758,9.11651,9.12593,1.00,1.88
2014.04.16 23:00:14.832,9.11621,9.12593,1.00,1.88
2014.04.16 23:00:15.736,9.1162,9.12517,1.00,1.00
2014.04.16 23:00:15.837,9.11621,9.12593,1.00,1.88
2014.04.16 23:00:18.654,9.11637,9.12593,1.00,1.88
2014.04.16 23:00:18.856,9.11621,9.12593,1.00,1.88
2014.04.16 23:00:18.907,9.1128,9.12593,1.00,1.88
2014.04.16 23:00:18.958,9.12105,9.12593,3.75,1.88
2014.04.16 23:00:19.278,9.11071,9.12593,1.00,1.88
2014.04.16 23:00:19.518,9.11099,9.12593,1.00,1.88
2014.04.16 23:00:20.555,9.116,9.12593,1.00,1.88
2014.04.16 23:00:23.641,9.11306,9.12593,1.00,1.88
2014.04.16 23:00:23.692,9.12092,9.12593,3.44,1.88
2014.04.16 23:00:23.995,9.12225,9.12593,1.40,1.88
2014.04.16 23:00:24.297,9.1155,9.12593,1.00,1.88
2014.04.16 23:00:24.348,9.116,9.12593,1.00,1.88
2014.04.16 23:00:24.719,9.116,9.12537,1.00,1.00
2014.04.16 23:00:24.821,9.116,9.12593,1.00,1.88
2014.04.16 23:00:26.334,9.116,9.12573,1.00,1.00
2014.04.16 23:00:26.637,9.11855,9.12542,1.00,1.00
2014.04.16 23:00:27.440,9.11856,9.12542,1.00,1.00
2014.04.16 23:00:29.681,9.11878,9.12542,1.00,1.00
2014.04.16 23:00:30.623,9.11907,9.12542,1.00,1.00
2014.04.16 23:00:31.168,9.11907,9.12543,1.00,1.00
2014.04.16 23:00:31.589,9.11928,9.12543,1.00,1.00
2014.04.16 23:00:34.297,9.11941,9.12543,1.00,1.00
2014.04.16 23:00:35.401,9.11949,9.12543,1.00,1.00
2014.04.16 23:01:32.947,9.11949,9.12593,1.00,1.88
2014.04.16 23:01:33.587,9.11949,9.12572,1.00,1.00
2014.04.16 23:01:33.892,9.11898,9.12432,1.50,1.88
2014.04.16 23:01:35.187,9.11898,9.12412,1.50,1.00
2014.04.16 23:01:36.177,9.11898,9.12363,1.00,1.00
2014.04.16 23:01:37.107,9.11851,9.12432,1.00,1.88
2014.04.16 23:01:37.158,9.11851,9.12452,1.00,1.50
2014.04.16 23:01:37.259,9.11827,9.12521,1.00,1.00
2014.04.16 23:01:37.309,9.12013,9.12559,1.00,1.00
2014.04.16 23:01:37.410,9.12014,9.12564,1.00,1.00
2014.04.16 23:01:37.612,9.12014,9.12605,1.00,1.00
2014.04.16 23:01:37.713,9.12014,9.12653,1.00,1.00
2014.04.16 23:01:37.814,9.12014,9.12762,1.00,1.00
2014.04.16 23:01:38.130,9.12013,9.12603,1.00,1.50
2014.04.16 23:01:38.353,9.1197,9.12602,1.00,1.50
2014.04.16 23:01:38.416,9.11942,9.12603,1.00,1.50
2014.04.16 23:01:40.272,9.11953,9.12603,1.00,1.50
2014.04.16 23:01:41.176,9.11944,9.12603,1.00,1.50
2014.04.16 23:01:44.287,9.11947,9.12602,1.00,1.50
2014.04.16 23:01:49.104,9.11856,9.12597,1.00,1.00
2014.04.16 23:01:49.256,9.11838,9.125,1.00,1.00
2014.04.16 23:01:49.558,9.11836,9.12367,1.00,1.00
2014.04.16 23:01:49.861,9.11692,9.11863,5.51,1.88
2014.04.16 23:01:49.962,9.11616,9.11853,1.00,1.88
2014.04.16 23:01:50.063,9.11554,9.11853,1.00,1.88
2014.04.16 23:01:50.366,9.11033,9.11853,1.00,1.88
2014.04.16 23:01:50.467,9.10983,9.11853,1.00,1.88
2014.04.16 23:01:50.518,9.10997,9.11853,1.00,1.88
2014.04.16 23:01:50.619,9.10958,9.11853,1.00,1.88
2014.04.16 23:01:51.127,9.10958,9.11896,1.00,1.00
2014.04.16 23:01:51.179,9.10957,9.11919,1.50,1.00
2014.04.16 23:01:51.280,9.10958,9.11943,1.50,1.00
2014.04.16 23:01:51.337,9.10958,9.12047,1.50,1.00
2014.04.16 23:01:51.438,9.10958,9.12071,1.00,1.00
2014.04.16 23:01:51.539,9.10958,9.12141,1.00,1.00
2014.04.16 23:01:51.779,9.10957,9.12247,1.00,1.00
2014.04.16 23:01:51.880,9.10957,9.12314,1.00,1.00
2014.04.16 23:01:52.031,9.10788,9.12334,1.00,1.00
2014.04.16 23:01:52.082,9.10698,9.12437,1.00,1.00
2014.04.16 23:01:52.133,9.10698,9.12522,1.00,1.00
2014.04.16 23:01:52.284,9.10698,9.12419,1.00,1.00
2014.04.16 23:01:52.587,9.10958,9.12502,1.00,1.50
2014.04.16 23:01:52.637,9.10917,9.12557,1.50,1.00
2014.04.16 23:01:52.845,9.10917,9.12658,1.50,1.00
2014.04.16 23:01:52.946,9.10917,9.12723,1.50,1.50
2014.04.16 23:01:53.523,9.10918,9.12722,1.00,1.00
2014.04.16 23:01:54.588,9.10917,9.12723,1.50,1.50
2014.04.16 23:01:55.317,9.10918,9.12722,1.00,1.00
2014.04.16 23:01:57.526,9.10917,9.12723,1.50,1.50
2014.04.16 23:01:58.147,9.10918,9.12722,1.00,1.00
2014.04.16 23:01:58.739,9.10917,9.12723,1.50,1.50
2014.04.16 23:01:58.800,9.11439,9.12723,0.38,1.50
2014.04.16 23:01:59.117,9.11638,9.12641,1.00,1.00
2014.04.16 23:01:59.269,9.11648,9.12709,1.00,1.00
2014.04.16 23:01:59.322,9.1165,9.1269,1.00,1.00
2014.04.16 23:01:59.729,9.1165,9.1264,1.00,1.00
2014.04.16 23:02:07.357,9.11667,9.1264,1.88,1.00
2014.04.16 23:02:07.660,9.11709,9.12669,1.00,1.00
2014.04.16 23:02:07.710,9.11686,9.1267,1.00,1.00
2014.04.16 23:02:07.912,9.11663,9.12669,1.00,1.00
2014.04.16 23:02:09.478,9.11914,9.12669,1.00,1.00
2014.04.16 23:02:13.229,9.11869,9.1267,1.00,1.00
2014.04.16 23:02:13.329,9.11814,9.12669,1.00,1.00
2014.04.16 23:02:18.407,9.11769,9.12634,1.00,1.00
2014.04.16 23:02:19.711,9.11769,9.12633,1.00,1.00
2014.04.16 23:02:20.715,9.11769,9.12634,1.00,1.00
2014.04.16 23:02:21.722,9.11769,9.12633,1.00,1.00
2014.04.16 23:02:22.930,9.11769,9.12621,1.00,1.00
2014.04.16 23:02:23.834,9.11769,9.12622,1.00,1.00
2014.04.16 23:02:24.438,9.11769,9.1262,1.00,1.00
2014.04.16 23:02:25.745,9.11769,9.12621,1.00,1.00
2014.04.16 23:02:28.799,9.11769,9.1266,1.00,1.00
2014.04.16 23:02:29.495,9.11769,9.12659,1.00,1.00
2014.04.16 23:02:31.831,9.11769,9.12654,1.00,1.00
2014.04.16 23:02:32.801,9.11769,9.12647,1.00,1.00
2014.04.16 23:02:33.853,9.11769,9.12636,1.00,1.00
2014.04.16 23:02:34.810,9.11769,9.12623,1.00,1.00
2014.04.16 23:02:36.812,9.11769,9.12621,1.00,1.00
2014.04.16 23:02:39.036,9.11769,9.12548,1.00,1.00
2014.04.16 23:02:40.851,9.11769,9.12517,1.00,1.00
2014.04.16 23:03:09.726,9.1177,9.12517,1.00,1.00
2014.04.16 23:03:18.195,9.1177,9.12563,1.00,1.50
2014.04.16 23:03:18.246,9.1177,9.12628,1.00,1.00
2014.04.16 23:03:18.381,9.1177,9.12637,1.00,1.00
2014.04.16 23:03:26.477,9.1177,9.12603,1.00,1.00
2014.04.16 23:03:26.983,9.1177,9.12602,1.00,1.00
2014.04.16 23:03:27.295,9.1177,9.12562,1.00,1.00
2014.04.16 23:03:29.427,9.1177,9.12563,1.00,1.50
2014.04.16 23:03:30.175,9.1177,9.12562,1.00,1.00
2014.04.16 23:03:32.387,9.1177,9.12563,1.00,1.00
2014.04.16 23:03:32.444,9.1177,9.12567,1.00,1.00
2014.04.16 23:03:32.495,9.1177,9.12602,1.00,1.50
2014.04.16 23:03:36.676,9.11769,9.12602,1.00,1.50
2014.04.16 23:04:08.676,9.11769,9.12383,1.00,1.50
2014.04.16 23:04:08.726,9.11751,9.12383,1.00,1.50
2014.04.16 23:04:09.655,9.11757,9.12382,1.00,1.50
2014.04.16 23:04:11.590,9.11757,9.12352,1.00,1.00
2014.04.16 23:04:11.691,9.1173,9.12353,1.00,1.00
2014.04.16 23:04:12.594,9.1173,9.12333,1.00,1.00
2014.04.16 23:04:14.001,9.11728,9.12333,1.00,1.00
2014.04.16 23:04:14.624,9.11728,9.12322,1.00,1.00
2014.04.16 23:04:52.544,9.11718,9.12322,1.00,1.00
2014.04.16 23:04:52.640,9.11792,9.12322,1.00,1.00
2014.04.16 23:04:53.643,9.11739,9.12312,1.00,1.00
2014.04.16 23:04:55.368,9.11753,9.12322,1.00,1.00
2014.04.16 23:04:57.376,9.11738,9.12313,1.00,1.00
2014.04.16 23:05:03.617,9.11747,9.12323,1.00,1.00
2014.04.16 23:05:04.619,9.11737,9.12312,1.00,1.00
2014.04.16 23:05:05.144,9.11738,9.12312,1.00,1.00
2014.04.16 23:05:05.622,9.11738,9.12322,1.00,1.00
2014.04.16 23:05:17.134,9.11727,9.12322,1.00,1.00
2014.04.16 23:05:19.198,9.11727,9.12312,1.00,1.00
2014.04.16 23:06:18.293,9.11698,9.12312,2.85,1.00
2014.04.16 23:07:29.526,9.11698,9.12312,2.85,1.00
2014.04.16 23:08:00.873,9.11698,9.12312,2.85,1.00
2014.04.16 23:08:01.421,9.11698,9.12322,2.85,1.00
2014.04.16 23:09:02.807,9.11698,9.12312,1.60,1.00
2014.04.16 23:09:50.322,9.11698,9.12312,2.85,1.00
2014.04.16 23:10:06.850,9.11698,9.12312,2.25,1.00
2014.04.16 23:10:06.901,9.11698,9.12372,1.50,1.00
2014.04.16 23:10:07.053,9.11688,9.12384,1.00,1.00
2014.04.16 23:10:07.348,9.11618,9.12472,1.50,1.00
2014.04.16 23:10:07.449,9.11603,9.12482,1.50,1.88
2014.04.16 23:10:07.707,9.11593,9.12482,1.00,1.88
2014.04.16 23:10:07.845,9.11532,9.12482,1.00,1.88
2014.04.16 23:10:07.946,9.1151,9.12482,1.00,1.88
2014.04.16 23:10:08.047,9.11492,9.12482,1.00,1.88
2014.04.16 23:10:08.520,9.11481,9.12482,1.00,1.88
2014.04.16 23:10:08.629,9.11438,9.12482,1.50,1.88
2014.04.16 23:10:39.797,9.11455,9.12482,1.00,1.88
2014.04.16 23:11:04.133,9.11438,9.12482,1.50,1.88
2014.04.16 23:11:04.184,9.11437,9.12493,1.50,1.88
2014.04.16 23:11:05.585,9.11438,9.12493,1.00,1.88
2014.04.16 23:11:08.345,9.11437,9.12493,1.00,1.88
2014.04.16 23:11:08.396,9.11343,9.12493,1.00,1.88
2014.04.16 23:11:08.447,9.11319,9.12493,1.00,1.88
2014.04.16 23:11:08.563,9.11317,9.12493,1.50,1.88
2014.04.16 23:11:15.641,9.11318,9.12493,1.00,1.88
2014.04.16 23:11:28.422,9.11317,9.12493,1.50,1.88
2014.04.16 23:11:54.327,9.11333,9.12493,1.00,1.88
2014.04.16 23:11:54.631,9.11358,9.12493,1.00,1.88
2014.04.16 23:11:55.045,9.11375,9.12493,1.00,1.88
2014.04.16 23:11:56.959,9.1139,9.12493,1.00,1.88
2014.04.16 23:11:58.982,9.11387,9.12493,1.00,1.88
2014.04.16 23:11:59.997,9.11398,9.12493,1.00,1.88
2014.04.16 23:12:00.887,9.11402,9.12493,1.00,1.88
2014.04.16 23:12:58.198,9.11393,9.12493,1.00,1.88
2014.04.16 23:12:58.299,9.11397,9.12493,1.00,1.88
2014.04.16 23:12:58.814,9.11398,9.12493,1.00,1.88
2014.04.16 23:13:00.973,9.11397,9.12493,1.50,1.88
2014.04.16 23:13:01.819,9.11411,9.12493,1.00,1.88
2014.04.16 23:13:05.633,9.11414,9.12493,1.00,1.88
2014.04.16 23:13:46.416,9.11414,9.12461,1.00,1.00
2014.04.16 23:13:47.846,9.11414,9.1246,1.00,1.00
2014.04.16 23:14:04.864,9.11421,9.1246,1.00,1.00
2014.04.16 23:14:07.193,9.11428,9.1246,1.00,1.00
2014.04.16 23:14:08.174,9.11439,9.1246,1.00,1.00
2014.04.16 23:14:09.145,9.11442,9.1246,1.00,1.00
2014.04.16 23:15:01.115,9.11419,9.1246,1.00,1.00
2014.04.16 23:15:01.216,9.11501,9.1246,1.00,1.00
2014.04.16 23:15:02.709,9.1149,9.1246,1.00,1.00
2014.04.16 23:15:02.911,9.11471,9.1246,1.00,1.00
2014.04.16 23:15:03.012,9.11461,9.1246,1.00,1.00
2014.04.16 23:15:03.718,9.1145,9.1246,1.00,1.00
2014.04.16 23:15:04.123,9.1144,9.1246,1.00,1.00
2014.04.16 23:15:04.629,9.11414,9.1246,1.00,1.00
2014.04.16 23:15:04.731,9.11454,9.1246,1.00,1.00
2014.04.16 23:15:06.776,9.11414,9.1246,1.00,1.00
2014.04.16 23:15:06.827,9.11394,9.1246,1.00,1.00
2014.04.16 23:15:06.878,9.11381,9.1246,1.00,1.00
2014.04.16 23:15:07.756,9.11415,9.1246,1.00,1.00
2014.04.16 23:15:07.858,9.11403,9.1246,1.00,1.00
2014.04.16 23:15:07.960,9.1134,9.1246,1.00,1.00
2014.04.16 23:15:08.014,9.1136,9.1246,1.00,1.00
2014.04.16 23:15:08.728,9.11334,9.1246,1.00,1.00
2014.04.16 23:15:08.880,9.1134,9.1246,1.00,1.00
2014.04.16 23:15:09.746,9.11375,9.1246,1.00,1.00
2014.04.16 23:15:09.847,9.11361,9.1246,1.00,1.00
2014.04.16 23:15:09.948,9.11326,9.1246,1.00,1.00
2014.04.16 23:15:10.790,9.11354,9.1246,1.00,1.00
2014.04.16 23:15:10.891,9.11342,9.1246,1.00,1.00
2014.04.16 23:15:10.993,9.11326,9.1246,1.00,1.00
2014.04.16 23:15:12.927,9.11335,9.1246,1.00,1.00
2014.04.16 23:15:13.748,9.11334,9.1246,1.00,1.00
2014.04.16 23:15:14.759,9.1133,9.1246,1.00,1.00
2014.04.16 23:15:15.197,9.1133,9.12417,1.00,1.00
2014.04.16 23:15:15.508,9.11329,9.12402,1.00,1.00
2014.04.16 23:15:15.675,9.11278,9.12381,1.00,1.00
2014.04.16 23:15:15.797,9.11263,9.12381,1.50,1.00
2014.04.16 23:15:15.848,9.11242,9.12345,1.00,1.00
2014.04.16 23:15:16.186,9.11238,9.11933,1.00,1.50
2014.04.16 23:15:16.775,9.1121,9.11933,1.00,1.50
2014.04.16 23:15:16.883,9.11234,9.11932,1.00,1.50
2014.04.16 23:15:17.677,9.11237,9.11932,1.00,1.50
2014.04.16 23:15:17.728,9.1121,9.11933,1.00,1.50
2014.04.16 23:15:17.829,9.1117,9.11933,1.00,1.50
2014.04.16 23:15:18.711,9.11193,9.11933,1.00,1.50
2014.04.16 23:15:18.862,9.11183,9.11932,1.00,1.50
2014.04.16 23:15:19.016,9.1117,9.11933,1.00,1.50
2014.04.16 23:15:19.118,9.11151,9.11932,1.00,1.50
2014.04.16 23:15:19.725,9.11158,9.11933,1.00,1.50
2014.04.16 23:15:20.685,9.11157,9.11933,1.50,1.50
2014.04.16 23:15:21.494,9.11158,9.11933,1.00,1.50
2014.04.16 23:15:21.747,9.11154,9.11933,1.00,1.50
2014.04.16 23:15:21.950,9.11121,9.11932,1.00,1.50
2014.04.16 23:15:22.052,9.11118,9.11932,1.50,1.50
2014.04.16 23:15:22.154,9.11271,9.12003,1.00,1.50
2014.04.16 23:15:23.342,9.11276,9.12003,1.00,1.50
2014.04.16 23:15:24.653,9.11234,9.12002,1.00,1.50
2014.04.16 23:15:24.872,9.11114,9.11932,1.00,1.50
2014.04.16 23:15:25.327,9.11226,9.11972,1.00,1.50
2014.04.16 23:15:26.724,9.11184,9.11972,1.00,1.50
2014.04.16 23:15:27.722,9.11113,9.11973,1.00,1.50
2014.04.16 23:15:27.924,9.11113,9.11933,1.00,1.50
2014.04.16 23:15:28.851,9.11113,9.11932,1.00,1.50
2014.04.16 23:15:30.958,9.11113,9.11933,1.00,1.50
2014.04.16 23:15:32.759,9.11113,9.11932,1.00,1.50
2014.04.16 23:15:37.177,9.11113,9.11933,1.00,1.50
2014.04.16 23:15:37.585,9.11156,9.11933,1.00,1.50
2014.04.16 23:15:38.057,9.11255,9.11933,1.00,1.50
2014.04.16 23:15:53.122,9.11255,9.11895,1.00,1.00
2014.04.16 23:16:01.176,9.11255,9.11891,1.00,1.00
2014.04.16 23:16:03.592,9.11255,9.11886,1.00,1.00
2014.04.16 23:16:05.401,9.11255,9.11893,1.00,1.00
2014.04.16 23:16:09.322,9.11255,9.11891,1.00,1.00
2014.04.16 23:16:32.845,9.11256,9.11891,1.00,1.00
2014.04.16 23:17:27.844,9.11255,9.11891,1.00,1.00
2014.04.16 23:17:29.134,9.11255,9.11553,1.00,1.50
2014.04.16 23:17:29.286,9.11127,9.11552,1.00,1.50
2014.04.16 23:18:09.702,9.10998,9.11532,1.50,1.50
2014.04.16 23:18:13.863,9.10997,9.11532,1.00,1.50
2014.04.16 23:18:13.914,9.10932,9.11532,1.00,1.50
2014.04.16 23:18:14.015,9.10926,9.11532,1.00,1.50
2014.04.16 23:18:14.173,9.11046,9.11532,1.00,1.50
2014.04.16 23:18:24.734,9.11047,9.11532,1.00,1.50
2014.04.16 23:18:28.192,9.11046,9.11532,1.00,1.50
2014.04.16 23:18:44.428,9.11046,9.11533,1.00,1.50
2014.04.16 23:18:44.634,9.11046,9.11595,1.00,1.00
2014.04.16 23:18:44.686,9.11106,9.11595,1.00,1.00
2014.04.16 23:18:44.736,9.11106,9.11712,1.00,1.50
2014.04.16 23:19:04.330,9.11106,9.11713,1.00,1.50
2014.04.16 23:19:09.876,9.11106,9.11707,1.00,1.00
2014.04.16 23:19:19.411,9.11045,9.11712,1.00,1.50
2014.04.16 23:19:19.513,9.11045,9.11533,1.00,1.50
2014.04.16 23:19:19.614,9.11045,9.11629,1.00,1.00
2014.04.16 23:19:19.665,9.11104,9.11629,1.00,1.00
2014.04.16 23:19:19.715,9.11104,9.11713,1.00,1.50
2014.04.16 23:19:25.044,9.11104,9.11712,1.00,1.50
2014.04.16 23:19:26.705,9.11104,9.11713,1.00,1.50
2014.04.16 23:19:27.009,9.11046,9.11532,1.00,1.50
2014.04.16 23:19:27.479,9.11046,9.1163,1.00,1.00
2014.04.16 23:19:27.581,9.11046,9.11683,1.00,1.50
2014.04.16 23:19:28.884,9.11057,9.11682,1.00,1.50
2014.04.16 23:19:35.132,9.11119,9.11683,1.00,1.50
2014.04.16 23:19:35.233,9.1112,9.11779,1.00,1.00
2014.04.16 23:19:35.284,9.11178,9.11779,1.00,1.00
2014.04.16 23:19:35.334,9.11178,9.11782,1.00,1.50
2014.04.16 23:19:49.211,9.11179,9.11782,1.00,1.50
2014.04.16 23:20:09.053,9.11179,9.11752,1.00,1.00
2014.04.16 23:20:10.942,9.11179,9.11747,1.00,1.00
2014.04.16 23:20:11.944,9.11179,9.11746,1.00,1.00
2014.04.16 23:20:30.821,9.11178,9.11746,1.00,1.00
2014.04.16 23:20:44.822,9.11179,9.11746,1.00,1.00
2014.04.16 23:21:48.919,9.11274,9.11746,1.00,1.00
2014.04.16 23:21:55.376,9.11274,9.11782,1.00,1.50
2014.04.16 23:21:55.530,9.11193,9.11782,1.00,1.50
2014.04.16 23:21:55.786,9.11263,9.11782,1.00,1.50
2014.04.16 23:21:57.159,9.11263,9.11783,1.00,1.50
2014.04.16 23:21:59.167,9.11263,9.11782,1.00,1.50
2014.04.16 23:22:25.157,9.11263,9.11752,1.00,1.00
2014.04.16 23:22:29.509,9.11263,9.11783,1.00,1.50
2014.04.16 23:22:29.762,9.11196,9.11782,1.00,1.50
2014.04.16 23:22:29.949,9.11276,9.11782,1.00,1.50
2014.04.16 23:23:25.788,9.11275,9.11782,1.00,1.50
2014.04.16 23:23:49.217,9.1121,9.11782,1.00,1.50
2014.04.16 23:24:20.898,9.11211,9.11782,1.00,1.50
2014.04.16 23:24:26.397,9.1121,9.11782,1.00,1.50
2014.04.16 23:25:39.817,9.11211,9.11782,1.00,1.50
2014.04.16 23:25:51.494,9.11275,9.11782,1.00,1.50
2014.04.16 23:26:30.987,9.11275,9.11781,1.00,1.00
2014.04.16 23:26:33.192,9.11275,9.11771,1.00,1.00
2014.04.16 23:26:47.025,9.11274,9.11771,1.00,1.00
2014.04.16 23:27:22.405,9.11274,9.11867,1.00,1.00
2014.04.16 23:27:22.506,9.11394,9.11867,1.00,1.00
2014.04.16 23:27:22.717,9.11394,9.11893,1.00,1.50
2014.04.16 23:27:25.223,9.11394,9.11802,1.00,1.50
2014.04.16 23:27:25.274,9.11283,9.11802,1.00,1.50
2014.04.16 23:27:25.425,9.11283,9.11782,1.00,1.50
2014.04.16 23:27:25.527,9.11193,9.11782,1.00,1.50
2014.04.16 23:27:25.806,9.11274,9.11783,1.00,1.50
2014.04.16 23:27:27.839,9.11274,9.11782,1.00,1.50
2014.04.16 23:27:29.818,9.11274,9.11783,1.00,1.50
2014.04.16 23:27:50.885,9.11273,9.11783,1.00,1.50
2014.04.16 23:28:03.646,9.11273,9.11782,1.00,1.50
2014.04.16 23:28:03.803,9.11146,9.11782,1.00,1.50
2014.04.16 23:28:07.504,9.11088,9.11782,1.00,1.50
2014.04.16 23:28:07.716,9.11136,9.11782,1.00,1.50
2014.04.16 23:28:08.608,9.11136,9.11783,1.00,1.50
2014.04.16 23:28:09.815,9.11136,9.11782,1.00,1.50
2014.04.16 23:29:02.824,9.11137,9.11782,1.00,1.50
2014.04.16 23:29:04.815,9.11273,9.11782,1.00,1.50
2014.04.16 23:29:13.053,9.11273,9.11783,1.00,1.50
2014.04.16 23:29:52.703,9.11212,9.11783,1.00,1.50
2014.04.16 23:29:59.616,9.11212,9.11763,1.00,1.00
2014.04.16 23:30:29.574,9.11212,9.11782,1.00,1.50
2014.04.16 23:30:31.204,9.11212,9.11783,1.00,1.50
2014.04.16 23:30:47.862,9.11213,9.11783,1.00,1.50
2014.04.16 23:31:04.682,9.11112,9.11783,1.00,1.50
2014.04.16 23:31:04.783,9.11097,9.11783,1.00,1.50
2014.04.16 23:31:07.254,9.11097,9.11782,1.00,1.50
2014.04.16 23:31:51.601,9.11151,9.11782,1.00,1.50
2014.04.16 23:32:05.681,9.11278,9.11782,1.00,1.50
2014.04.16 23:32:06.582,9.11278,9.11783,1.00,1.50
2014.04.16 23:32:08.359,9.11278,9.11782,1.00,1.50
2014.04.16 23:32:15.469,9.11278,9.11783,1.00,1.50
2014.04.16 23:32:19.386,9.11278,9.11782,1.00,1.50
2014.04.16 23:32:27.240,9.11278,9.11773,1.00,1.00
2014.04.16 23:32:28.444,9.11278,9.11766,1.00,1.00
2014.04.16 23:33:00.770,9.11277,9.11766,1.00,1.00
2014.04.16 23:33:46.380,9.11277,9.11828,1.00,1.00
2014.04.16 23:33:46.431,9.11401,9.11828,1.00,1.00
2014.04.16 23:33:46.481,9.11401,9.11886,1.00,1.00
2014.04.16 23:33:46.583,9.11401,9.11888,1.00,1.00
2014.04.16 23:33:47.685,9.11401,9.11913,1.00,2.25
2014.04.16 23:33:49.658,9.11401,9.11912,1.00,1.50
2014.04.16 23:33:51.141,9.11401,9.11832,1.00,1.50
2014.04.16 23:33:51.192,9.11295,9.11832,1.00,1.50
2014.04.16 23:33:51.394,9.11195,9.11832,1.00,1.50
2014.04.16 23:33:51.445,9.11195,9.11782,1.00,1.50
2014.04.16 23:33:51.647,9.11195,9.11803,1.00,1.50
2014.04.16 23:33:51.749,9.11286,9.11803,1.00,1.50
2014.04.16 23:33:53.788,9.11222,9.11803,1.00,1.50
2014.04.16 23:33:57.420,9.11222,9.11802,1.00,1.50
2014.04.16 23:33:58.622,9.11222,9.11801,1.00,1.00
2014.04.16 23:34:00.627,9.11222,9.118,1.00,1.00
2014.04.16 23:34:04.675,9.11222,9.11802,1.00,1.50
2014.04.16 23:34:04.776,9.11147,9.11802,1.00,1.50
2014.04.16 23:34:11.947,9.11147,9.11769,1.00,1.00
2014.04.16 23:34:11.998,9.11138,9.11769,1.00,1.00
2014.04.16 23:34:13.652,9.11138,9.11762,1.00,1.00
2014.04.16 23:34:25.180,9.11138,9.11754,1.00,1.00
2014.04.16 23:34:44.338,9.11138,9.11752,1.00,1.00
2014.04.16 23:35:03.882,9.11222,9.11802,1.00,1.50
2014.04.16 23:35:13.389,9.11222,9.11803,1.00,1.50
2014.04.16 23:35:53.137,9.11284,9.11803,1.00,1.50
2014.04.16 23:36:10.928,9.11284,9.11838,1.00,1.00
2014.04.16 23:36:10.979,9.11437,9.11838,1.00,1.00
2014.04.16 23:36:11.275,9.11437,9.11863,1.00,1.50
2014.04.16 23:36:18.387,9.11437,9.11802,1.00,1.50
2014.04.16 23:36:18.702,9.11285,9.11803,1.00,1.50
2014.04.16 23:36:23.061,9.11285,9.11802,1.00,1.50
2014.04.16 23:36:24.365,9.11285,9.11799,1.00,1.00
2014.04.16 23:36:25.870,9.11285,9.11794,1.00,1.00
2014.04.16 23:36:43.062,9.11285,9.11795,1.00,1.00
2014.04.16 23:36:44.029,9.11285,9.11791,1.00,1.00
2014.04.16 23:37:44.402,9.11285,9.11783,1.00,1.50
2014.04.16 23:37:44.566,9.11194,9.11783,1.00,1.50
2014.04.16 23:37:44.786,9.11275,9.11783,1.00,1.50
2014.04.16 23:37:46.228,9.11275,9.11782,1.00,1.50
2014.04.16 23:37:50.214,9.11275,9.11783,1.00,1.50
2014.04.16 23:37:50.922,9.11275,9.11802,1.00,1.50
2014.04.16 23:37:54.133,9.11295,9.11802,1.00,1.50
2014.04.16 23:38:23.493,9.11324,9.11802,1.00,1.50
2014.04.16 23:38:23.796,9.11316,9.11803,1.00,1.50
2014.04.16 23:38:23.897,9.11294,9.11803,1.00,1.50
2014.04.16 23:38:33.045,9.11275,9.11803,1.00,1.50
2014.04.16 23:38:43.026,9.11275,9.11802,1.00,1.50
2014.04.16 23:38:44.634,9.11275,9.11803,1.00,1.50
2014.04.16 23:38:57.575,9.11275,9.11802,1.00,1.50
2014.04.16 23:39:07.466,9.11275,9.11803,1.00,1.50
2014.04.16 23:39:07.891,9.11315,9.11833,1.00,1.50
2014.04.16 23:39:08.204,9.11356,9.11832,1.00,1.50
2014.04.16 23:39:09.359,9.11356,9.11833,1.00,1.50
2014.04.16 23:39:09.662,9.11392,9.11862,1.00,1.50
2014.04.16 23:39:18.324,9.11601,9.11862,2.10,1.50
2014.04.16 23:39:18.425,9.11747,9.11926,1.00,1.00
2014.04.16 23:39:18.527,9.11748,9.12011,1.50,1.00
2014.04.16 23:39:18.628,9.11747,9.119,1.50,7.98
2014.04.16 23:39:18.780,9.11669,9.11862,1.00,1.50
2014.04.16 23:39:18.932,9.11606,9.11862,1.00,1.50
2014.04.16 23:39:19.254,9.11503,9.11863,1.00,1.50
2014.04.16 23:39:20.481,9.11463,9.11893,1.00,1.50
2014.04.16 23:39:26.550,9.11578,9.11893,2.10,1.50
2014.04.16 23:39:26.702,9.11697,9.11997,2.25,1.00
2014.04.16 23:39:26.904,9.11698,9.12103,1.50,1.00
2014.04.16 23:39:27.005,9.11698,9.12112,1.50,1.00
2014.04.16 23:39:29.183,9.11717,9.12113,1.00,1.00
2014.04.16 23:39:30.173,9.11757,9.12113,1.00,1.00
2014.04.16 23:39:31.163,9.11768,9.12112,1.00,1.00
2014.04.16 23:39:37.151,9.11698,9.12092,1.50,1.88
2014.04.16 23:39:37.202,9.11698,9.11892,1.50,1.50
2014.04.16 23:39:37.303,9.11648,9.11893,1.50,1.50
2014.04.16 23:39:37.354,9.11586,9.11893,1.00,1.50
2014.04.16 23:39:37.405,9.11562,9.11892,1.00,1.50
2014.04.16 23:39:37.708,9.11542,9.11892,1.00,1.50
2014.04.16 23:39:37.759,9.11487,9.11892,1.00,1.50
2014.04.16 23:39:37.910,9.11487,9.11922,1.00,1.50
2014.04.16 23:39:37.961,9.11514,9.11922,1.00,1.50
2014.04.16 23:39:39.893,9.11494,9.11783,1.00,1.50
2014.04.16 23:39:39.943,9.11397,9.11783,1.00,1.50
2014.04.16 23:39:40.045,9.11358,9.11783,1.00,1.50
2014.04.16 23:39:40.146,9.11517,9.11845,1.00,1.00
2014.04.16 23:39:40.247,9.1148,9.11879,1.00,1.00
2014.04.16 23:39:40.348,9.11459,9.11922,1.00,1.50
2014.04.16 23:39:40.399,9.11437,9.11922,1.00,1.50
2014.04.16 23:39:40.550,9.11475,9.11923,1.00,1.50
2014.04.16 23:39:41.094,9.11456,9.11923,1.00,1.50
2014.04.16 23:39:41.145,9.11372,9.11783,1.00,1.50
2014.04.16 23:39:41.449,9.11367,9.11887,1.00,1.00
2014.04.16 23:39:41.550,9.11367,9.11892,1.00,1.50
2014.04.16 23:39:41.802,9.11435,9.11893,1.00,1.50
2014.04.16 23:39:42.380,9.11435,9.11862,1.00,1.50
2014.04.16 23:39:42.756,9.11438,9.11862,1.00,1.50
2014.04.16 23:39:44.935,9.11438,9.11893,1.00,1.50
2014.04.16 23:39:46.522,9.11419,9.11893,1.00,1.50
2014.04.16 23:39:46.573,9.11398,9.11893,1.00,1.50
2014.04.16 23:39:49.523,9.11425,9.11893,1.00,1.50
2014.04.16 23:39:51.474,9.11425,9.11862,1.00,1.50
2014.04.16 23:39:51.525,9.11398,9.11862,1.00,1.50
2014.04.16 23:40:00.903,9.11398,9.11892,1.00,1.50
2014.04.16 23:40:00.963,9.11425,9.11892,1.00,1.50
2014.04.16 23:40:01.413,9.11436,9.11892,1.00,1.50
2014.04.16 23:40:01.874,9.11436,9.11863,1.00,1.50
2014.04.16 23:40:05.378,9.11436,9.1196,1.00,1.00
2014.04.16 23:40:05.479,9.11436,9.11967,1.00,1.00
2014.04.16 23:40:06.120,9.11436,9.11966,1.00,1.00
2014.04.16 23:40:06.171,9.11448,9.11966,1.00,1.00
2014.04.16 23:40:06.588,9.11448,9.11997,1.00,1.00
2014.04.16 23:40:08.008,9.11429,9.11997,1.00,1.00
2014.04.16 23:40:08.110,9.11449,9.11997,1.00,1.00
2014.04.16 23:40:08.434,9.11484,9.11997,1.00,1.00
2014.04.16 23:40:09.308,9.11484,9.12005,1.00,1.00
2014.04.16 23:40:11.223,9.11484,9.11996,1.00,1.00
2014.04.16 23:40:12.084,9.11484,9.12005,1.00,1.00
2014.04.16 23:40:13.296,9.11511,9.11997,1.00,1.00
2014.04.16 23:40:14.308,9.11511,9.12017,1.00,1.00
2014.04.16 23:40:24.129,9.11492,9.12018,1.00,1.00
2014.04.16 23:40:24.231,9.11485,9.12018,1.00,1.00
2014.04.16 23:40:33.822,9.11519,9.12025,1.00,1.00
2014.04.16 23:40:33.924,9.11489,9.12026,1.00,1.00
2014.04.16 23:40:33.975,9.11489,9.1201,1.00,1.00
2014.04.16 23:40:34.278,9.11489,9.11996,1.00,1.00
2014.04.16 23:40:35.080,9.11489,9.12026,1.00,1.00
2014.04.16 23:40:35.234,9.11523,9.12026,1.00,1.00
2014.04.16 23:40:35.338,9.11488,9.12019,1.00,1.00
2014.04.16 23:40:35.540,9.11488,9.12007,1.00,1.00
2014.04.16 23:40:36.605,9.11488,9.12019,1.00,1.00
2014.04.16 23:40:37.876,9.11488,9.11996,1.00,1.00
2014.04.16 23:40:38.894,9.11488,9.12019,1.00,1.00
2014.04.16 23:40:38.944,9.11514,9.12018,1.00,1.00
2014.04.16 23:40:59.599,9.11512,9.12016,1.00,1.00
2014.04.16 23:41:16.298,9.11524,9.12027,1.00,1.00
2014.04.16 23:41:25.262,9.11473,9.12027,1.00,1.00
2014.04.16 23:41:25.363,9.11444,9.12027,1.00,1.00
2014.04.16 23:41:25.516,9.11444,9.11959,1.00,1.00
2014.04.16 23:41:25.567,9.11291,9.11959,1.00,1.00
2014.04.16 23:41:25.668,9.11278,9.11887,1.00,1.00
2014.04.16 23:41:25.725,9.11202,9.11887,1.00,1.00
2014.04.16 23:41:25.830,9.11194,9.11887,1.00,1.00
2014.04.16 23:41:27.546,9.11194,9.11864,1.00,1.00
2014.04.16 23:41:29.557,9.11194,9.11855,1.00,1.00
2014.04.16 23:41:33.439,9.11194,9.11838,1.00,1.00
2014.04.16 23:41:40.622,9.11195,9.11838,1.00,1.00
2014.04.16 23:41:42.294,9.11195,9.11839,1.00,1.00
2014.04.16 23:41:47.366,9.11195,9.11886,1.00,1.00
2014.04.16 23:41:47.593,9.11261,9.11886,1.00,1.00
2014.04.16 23:41:48.211,9.11197,9.11887,1.00,1.00
2014.04.16 23:41:49.574,9.11197,9.11873,1.00,1.00
2014.04.16 23:41:50.581,9.11197,9.11859,1.00,1.00
2014.04.16 23:42:02.382,9.11197,9.11887,1.00,1.00
2014.04.16 23:42:02.483,9.11197,9.11878,1.00,1.00
2014.04.16 23:42:02.534,9.11147,9.11878,1.00,1.00
2014.04.16 23:42:03.692,9.1117,9.11868,1.00,1.00
2014.04.16 23:42:11.088,9.11186,9.11886,1.00,1.00
2014.04.16 23:42:11.189,9.1119,9.11863,1.00,1.00
2014.04.16 23:42:11.390,9.11199,9.11887,1.00,1.00
2014.04.16 23:42:14.130,9.11199,9.11856,1.00,1.00
2014.04.16 23:42:15.648,9.11199,9.1185,1.00,1.00
2014.04.16 23:42:22.542,9.11199,9.11837,1.00,1.00
2014.04.16 23:43:06.971,9.11198,9.11837,1.00,1.00
2014.04.16 23:43:16.141,9.11198,9.12021,1.00,1.00
2014.04.16 23:43:36.625,9.11198,9.11886,1.00,1.00
2014.04.16 23:43:38.927,9.11198,9.11838,1.00,1.00
2014.04.16 23:43:40.847,9.11198,9.11836,1.00,1.00
2014.04.16 23:43:47.890,9.1126,9.11836,1.00,1.00
2014.04.16 23:44:03.680,9.1126,9.11838,1.00,1.00
2014.04.16 23:44:21.629,9.1126,9.11886,1.00,1.00
2014.04.16 23:44:22.592,9.1126,9.11878,1.00,1.00
2014.04.16 23:44:23.151,9.1126,9.11858,1.00,1.00
2014.04.16 23:44:30.429,9.1126,9.11887,1.00,1.00
2014.04.16 23:44:36.247,9.1126,9.11866,1.00,1.00
2014.04.16 23:44:36.550,9.11747,9.12002,5.25,1.00
2014.04.16 23:44:36.702,9.11748,9.12016,1.00,1.00
2014.04.16 23:44:36.756,9.11747,9.12152,5.25,1.50
2014.04.16 23:44:38.231,9.11747,9.12153,5.25,1.00
2014.04.16 23:44:39.178,9.11747,9.12152,5.25,1.00
2014.04.16 23:44:39.920,9.11748,9.12152,1.50,1.00
2014.04.16 23:44:40.198,9.11787,9.12153,1.00,1.00
2014.04.16 23:44:41.159,9.11797,9.12153,1.00,1.00
2014.04.16 23:44:42.148,9.11807,9.12153,1.00,1.00
2014.04.16 23:45:43.312,9.11757,9.12173,1.00,1.00
2014.04.16 23:46:16.302,9.11758,9.12202,1.00,1.50
2014.04.16 23:46:16.549,9.11778,9.12202,1.00,1.00
2014.04.16 23:46:17.513,9.11817,9.12203,1.00,2.25
2014.04.16 23:46:18.519,9.11837,9.12203,1.00,2.25
2014.04.16 23:46:19.357,9.11837,9.12202,1.00,1.50
2014.04.16 23:46:19.675,9.11848,9.12202,1.00,1.00
2014.04.16 23:46:32.778,9.11848,9.12162,1.00,1.00
2014.04.16 23:47:16.940,9.11838,9.12162,1.00,1.00
2014.04.16 23:47:23.767,9.11847,9.12162,1.00,1.00
2014.04.16 23:47:24.779,9.11837,9.12162,1.00,1.00
2014.04.16 23:47:32.904,9.11837,9.12202,1.00,1.50
2014.04.16 23:48:15.558,9.11837,9.12152,1.00,1.00
2014.04.16 23:49:06.484,9.11828,9.12152,1.00,1.00
2014.04.16 23:49:16.295,9.11828,9.12202,1.00,1.00
2014.04.16 23:49:16.346,9.11828,9.12202,1.00,1.38
2014.04.16 23:49:16.397,9.11748,9.11952,1.00,3.00
2014.04.16 23:49:16.448,9.11748,9.11912,1.00,1.88
2014.04.16 23:49:16.602,9.11592,9.11912,1.00,1.88
2014.04.16 23:49:16.653,9.11571,9.11833,1.00,1.00
2014.04.16 23:49:16.704,9.11312,9.11833,1.00,1.00
2014.04.16 23:49:17.115,9.11327,9.11757,1.00,1.00
2014.04.16 23:49:17.817,9.11354,9.11757,1.00,1.00
2014.04.16 23:49:37.138,9.11354,9.11756,1.00,1.00
2014.04.16 23:49:37.189,9.1129,9.11756,1.00,1.00
2014.04.16 23:49:37.240,9.11237,9.11757,1.00,1.00
2014.04.16 23:49:37.341,9.11237,9.11801,1.00,1.00
2014.04.16 23:49:37.442,9.11237,9.11887,1.00,1.00
2014.04.16 23:49:51.436,9.11261,9.11887,1.00,1.00
2014.04.16 23:49:54.672,9.11261,9.11885,1.00,1.00
2014.04.16 23:50:31.863,9.11261,9.11887,1.00,1.00
2014.04.16 23:50:46.875,9.11262,9.11887,1.00,1.00
2014.04.16 23:50:49.729,9.11262,9.11884,1.00,1.00
2014.04.16 23:51:16.380,9.11262,9.1202,1.00,1.00
2014.04.16 23:51:16.482,9.11262,9.1193,1.00,1.00
2014.04.16 23:51:16.583,9.11262,9.11993,1.00,1.00
2014.04.16 23:51:16.684,9.11262,9.1202,1.00,1.00
2014.04.16 23:51:18.796,9.11269,9.1202,1.00,1.00
2014.04.16 23:51:20.811,9.1127,9.1202,1.00,1.00
2014.04.16 23:51:28.367,9.11271,9.1202,1.00,1.00
2014.04.16 23:51:28.951,9.1127,9.1202,1.00,1.00
2014.04.16 23:51:29.561,9.11271,9.1202,1.00,1.00
2014.04.16 23:51:31.413,9.11267,9.1202,1.00,1.00
2014.04.16 23:51:32.719,9.1127,9.1202,1.00,1.00
2014.04.16 23:51:36.243,9.11269,9.1202,1.00,1.00
2014.04.16 23:51:36.664,9.1127,9.11966,1.00,1.00
2014.04.16 23:51:37.785,9.11262,9.11966,1.00,1.00
2014.04.16 23:51:53.263,9.11261,9.11966,1.00,1.00
2014.04.16 23:51:53.817,9.11261,9.11958,1.00,1.00
2014.04.16 23:51:54.830,9.1126,9.11926,1.00,1.00
2014.04.16 23:52:02.393,9.11534,9.11966,2.10,1.00
2014.04.16 23:52:02.576,9.11534,9.12011,2.10,1.00
2014.04.16 23:52:02.677,9.11534,9.12045,2.10,1.00
2014.04.16 23:52:03.583,9.1155,9.12056,1.60,1.00
2014.04.16 23:52:04.426,9.11607,9.12056,1.00,1.00
2014.04.16 23:52:04.527,9.11608,9.12112,1.00,1.00
2014.04.16 23:52:05.515,9.11648,9.12112,1.00,1.00
2014.04.16 23:52:06.381,9.11668,9.12112,1.00,1.00
2014.04.16 23:52:07.499,9.11668,9.12152,1.50,1.00
2014.04.16 23:52:07.595,9.11677,9.12153,1.00,1.50
2014.04.16 23:52:23.273,9.1168,9.12153,2.10,1.50
2014.04.16 23:52:23.874,9.1168,9.12132,2.10,1.00
2014.04.16 23:52:25.214,9.11708,9.12133,1.60,1.00
2014.04.16 23:52:26.175,9.11718,9.12132,2.10,1.00
2014.04.16 23:52:26.602,9.11728,9.12123,1.60,1.00
2014.04.16 23:52:27.806,9.11767,9.12123,2.10,1.00
2014.04.16 23:52:27.857,9.11767,9.12201,2.10,1.00
2014.04.16 23:52:28.059,9.11767,9.12281,2.10,1.00
2014.04.16 23:52:28.110,9.11767,9.12342,2.10,1.00
2014.04.16 23:52:31.885,9.11773,9.12251,1.60,1.00
2014.04.16 23:52:32.246,9.11727,9.12224,2.10,1.00
2014.04.16 23:52:33.394,9.11755,9.12251,1.60,1.00
2014.04.16 23:52:33.872,9.11755,9.12243,1.60,1.00
2014.04.16 23:52:34.223,9.11755,9.12212,1.60,1.00
2014.04.16 23:52:35.182,9.11755,9.12193,1.60,1.00
2014.04.16 23:52:36.172,9.11755,9.12182,1.60,1.00
2014.04.16 23:52:41.093,9.11782,9.12182,2.10,1.00
2014.04.16 23:52:41.574,9.11782,9.12163,2.10,1.00
2014.04.16 23:52:42.146,9.11782,9.12162,2.10,1.00
2014.04.16 23:52:43.151,9.11782,9.12163,2.10,1.00
2014.04.16 23:52:49.647,9.11782,9.11968,2.10,1.17
2014.04.16 23:52:49.998,9.11782,9.12163,2.10,1.00
2014.04.16 23:52:55.728,9.11782,9.12153,2.10,1.00
2014.04.16 23:53:11.672,9.11783,9.12153,2.10,1.00
2014.04.16 23:53:16.123,9.11783,9.12163,2.10,1.00
2014.04.16 23:53:19.331,9.11788,9.12182,1.60,1.00
2014.04.16 23:53:22.782,9.11788,9.12182,1.60,1.00
2014.04.16 23:53:43.418,9.11757,9.12162,2.10,1.00
2014.04.16 23:53:44.423,9.11757,9.12153,2.10,1.00
2014.04.16 23:53:45.438,9.11757,9.12142,2.10,1.00
2014.04.16 23:53:53.252,9.11758,9.12142,2.10,1.00
2014.04.16 23:53:59.406,9.11758,9.12143,2.10,1.00
2014.04.16 23:54:08.360,9.1167,9.12143,1.00,1.00
2014.04.16 23:54:08.412,9.1167,9.12081,1.00,1.00
2014.04.16 23:54:08.513,9.1167,9.12176,1.00,1.00
2014.04.16 23:54:08.614,9.1167,9.12016,1.00,1.00
2014.04.16 23:54:08.718,9.11472,9.12016,1.00,1.00
2014.04.16 23:54:08.769,9.11398,9.12017,1.00,1.00
2014.04.16 23:54:08.870,9.113,9.12016,1.00,1.00
2014.04.16 23:54:08.971,9.11262,9.12017,1.00,1.00
2014.04.16 23:54:09.071,9.11262,9.11981,1.00,1.00
2014.04.16 23:54:16.506,9.11262,9.12,1.00,1.00
2014.04.16 23:54:18.043,9.11262,9.11967,1.00,1.00
2014.04.16 23:54:23.415,9.11261,9.11967,1.00,1.00
2014.04.16 23:54:24.344,9.11261,9.11968,1.00,1.00
2014.04.16 23:54:25.131,9.11261,9.11967,1.00,1.00
2014.04.16 23:54:26.136,9.11261,9.11968,1.00,1.00
2014.04.16 23:54:33.291,9.11261,9.11967,1.00,1.00
2014.04.16 23:55:03.951,9.11262,9.11967,1.00,1.00
2014.04.16 23:55:48.150,9.11262,9.11802,1.00,1.00
2014.04.16 23:55:48.302,9.11178,9.11793,1.00,1.00
2014.04.16 23:55:48.454,9.11178,9.11764,1.00,1.00
2014.04.16 23:55:48.856,9.11202,9.11764,1.00,1.00
2014.04.16 23:55:50.319,9.11202,9.11757,1.00,1.00
2014.04.16 23:55:53.128,9.11202,9.11778,1.00,1.00
2014.04.16 23:56:03.880,9.11181,9.11685,1.00,1.00
2014.04.16 23:56:04.352,9.11167,9.11645,1.00,1.00
2014.04.16 23:56:06.139,9.11168,9.11645,1.00,1.00
2014.04.16 23:56:06.751,9.11176,9.1168,1.00,1.00
2014.04.16 23:56:17.178,9.11187,9.1168,1.00,1.00
2014.04.16 23:56:18.129,9.11207,9.1168,1.00,1.00
2014.04.16 23:56:23.847,9.11207,9.11702,1.00,1.00
2014.04.16 23:56:24.726,9.11207,9.11703,1.00,1.00
2014.04.16 23:56:26.235,9.11207,9.1171,1.00,1.00
2014.04.16 23:56:26.286,9.1123,9.11712,1.00,1.00
2014.04.16 23:56:27.255,9.1123,9.11713,1.00,1.00
2014.04.16 23:56:29.747,9.11237,9.11713,1.00,1.00
2014.04.16 23:56:30.651,9.11237,9.11723,1.00,1.00
2014.04.16 23:56:31.280,9.11247,9.11734,1.00,1.00
2014.04.16 23:56:31.330,9.11281,9.11734,2.10,1.00
2014.04.16 23:56:31.381,9.11281,9.11752,2.10,1.00
2014.04.16 23:56:32.362,9.11347,9.11753,1.00,1.00
2014.04.16 23:56:32.666,9.11547,9.11815,1.50,1.00
2014.04.16 23:56:32.817,9.11548,9.11861,1.50,1.00
2014.04.16 23:56:32.868,9.11547,9.11917,1.50,1.00
2014.04.16 23:56:32.969,9.11548,9.12006,1.50,1.00
2014.04.16 23:56:33.069,9.11547,9.12081,1.50,1.00
2014.04.16 23:56:33.221,9.11548,9.12117,1.50,1.00
2014.04.16 23:56:33.322,9.11547,9.12142,1.50,1.00
2014.04.16 23:56:33.765,9.11547,9.12132,1.50,1.00
2014.04.16 23:56:35.079,9.11547,9.12127,1.50,1.00
2014.04.16 23:56:58.828,9.11682,9.12127,2.10,1.00
2014.04.16 23:56:59.030,9.11697,9.12152,2.10,1.00
2014.04.16 23:56:59.936,9.11697,9.12143,2.10,1.00
2014.04.16 23:57:00.942,9.11698,9.12132,2.10,1.00
2014.04.16 23:57:02.908,9.11708,9.12122,1.60,1.00
2014.04.16 23:57:03.946,9.11717,9.12133,1.60,1.00
2014.04.16 23:57:08.608,9.11729,9.12142,2.10,1.00
2014.04.16 23:57:10.098,9.11729,9.12143,2.10,1.00
2014.04.16 23:57:19.282,9.11729,9.11898,2.10,1.94
2014.04.16 23:57:19.384,9.11729,9.12143,2.10,1.00
2014.04.16 23:57:19.547,9.11729,9.12084,2.10,1.00
2014.04.16 23:57:19.647,9.11729,9.12143,2.10,1.00
2014.04.16 23:57:19.888,9.11729,9.12133,2.10,1.00
2014.04.16 23:57:20.547,9.11729,9.12132,2.10,1.00
2014.04.16 23:57:21.655,9.11729,9.12072,2.10,1.00
2014.04.16 23:57:23.708,9.11729,9.12062,2.10,1.00
2014.04.16 23:57:39.298,9.11731,9.12062,2.10,1.00
2014.04.16 23:57:39.741,9.11731,9.11913,2.10,6.18
2014.04.16 23:57:39.893,9.11598,9.11814,1.50,9.51
2014.04.16 23:57:39.944,9.11511,9.11793,1.00,1.60
2014.04.16 23:57:39.995,9.11293,9.11793,1.00,1.60
2014.04.16 23:57:40.046,9.11522,9.11793,1.00,1.60
2014.04.16 23:57:40.147,9.11459,9.11793,1.00,1.60
2014.04.16 23:57:40.390,9.11201,9.11793,1.00,1.60
2014.04.16 23:57:40.592,9.11197,9.11793,1.00,1.67
2014.04.16 23:57:50.267,9.11259,9.11793,1.00,1.57
2014.04.16 23:57:54.345,9.11259,9.12077,1.00,1.00
2014.04.16 23:57:54.446,9.11259,9.11994,1.00,1.00
2014.04.16 23:57:54.548,9.11259,9.12016,1.00,1.00
2014.04.16 23:58:06.368,9.11259,9.11768,1.00,1.00
2014.04.16 23:58:06.571,9.11168,9.11759,1.00,1.00
2014.04.16 23:58:07.151,9.11184,9.11754,1.00,1.00
2014.04.16 23:58:08.372,9.11184,9.11746,1.00,1.00
2014.04.16 23:58:09.167,9.11212,9.11746,1.00,1.00
2014.04.16 23:58:10.427,9.11212,9.11755,1.00,1.00
2014.04.16 23:58:12.256,9.11254,9.11758,1.00,1.00
2014.04.16 23:58:12.408,9.11202,9.11733,1.00,1.00
2014.04.16 23:58:15.077,9.11253,9.11753,1.00,1.00
2014.04.16 23:58:15.129,9.11253,9.11757,1.00,1.00
2014.04.16 23:58:15.230,9.11192,9.11696,1.00,1.00
2014.04.16 23:58:21.272,9.11196,9.11702,1.00,1.00
2014.04.16 23:58:21.841,9.11197,9.11701,1.00,1.00
2014.04.16 23:58:25.193,9.11194,9.117,1.00,1.00
2014.04.16 23:58:26.209,9.11223,9.11729,1.00,1.00
2014.04.16 23:58:27.056,9.11195,9.11699,1.00,1.00
2014.04.16 23:58:28.171,9.11518,9.11699,1.58,1.00
2014.04.16 23:58:28.273,9.11548,9.11732,1.10,1.00
2014.04.16 23:58:31.374,9.11548,9.11753,1.10,1.00
2014.04.16 23:58:31.425,9.11548,9.11762,1.10,1.50
2014.04.16 23:58:33.425,9.11256,9.11762,1.00,1.50
2014.04.16 23:58:45.192,9.11256,9.11711,1.00,1.00
2014.04.16 23:58:47.634,9.11256,9.11683,1.00,1.00
2014.04.16 23:58:49.259,9.11256,9.11762,1.00,1.50
2014.04.16 23:58:49.379,9.11219,9.11723,1.00,1.00
2014.04.16 23:59:01.273,9.11224,9.11723,1.00,1.00
2014.04.16 23:59:01.764,9.11245,9.11734,1.00,1.00
2014.04.16 23:59:11.836,9.11304,9.11734,2.10,1.00
2014.04.16 23:59:12.039,9.11304,9.11783,2.10,1.00
2014.04.16 23:59:13.150,9.11338,9.11782,1.60,1.00
2014.04.16 23:59:13.963,9.11357,9.11782,1.00,1.00
2014.04.16 23:59:14.530,9.11407,9.11783,1.00,1.00
2014.04.16 23:59:15.196,9.11427,9.11783,1.00,1.00
2014.04.16 23:59:16.186,9.11438,9.11782,1.00,1.00
2014.04.16 23:59:49.580,9.11438,9.11782,1.60,1.00
2014.04.16 23:59:49.631,9.11407,9.11802,1.60,1.50
2014.04.16 23:59:49.732,9.11407,9.11847,1.60,1.00
2014.04.16 23:59:49.985,9.1141,9.11903,1.60,1.00
2014.04.16 23:59:50.596,9.11457,9.11903,1.00,1.00
2014.04.16 23:59:50.908,9.11428,9.11853,1.00,1.00
2014.04.16 23:59:53.168,9.11428,9.11832,1.00,1.00
2014.04.16 23:59:54.136,9.11428,9.11822,1.00,1.00
