2017.08.02 02:00:06.806,9.57816,9.58056,1.00,1.00
2017.08.02 02:00:06.857,9.57786,9.58034,1.00,1.42
2017.08.02 02:00:06.959,9.5777,9.58053,1.00,1.37
2017.08.02 02:00:07.060,9.5777,9.58053,1.00,1.00
2017.08.02 02:00:07.111,9.57786,9.58053,1.00,1.00
2017.08.02 02:00:07.585,9.57796,9.58053,1.00,1.00
2017.08.02 02:00:08.439,9.57796,9.58054,1.50,1.00
2017.08.02 02:00:09.783,9.57799,9.58056,1.00,1.00
2017.08.02 02:00:19.997,9.57787,9.58045,1.00,1.00
2017.08.02 02:00:24.846,9.57781,9.58039,1.37,1.00
2017.08.02 02:00:28.376,9.57781,9.58039,1.00,1.00
2017.08.02 02:00:28.427,9.57777,9.58035,1.00,1.00
2017.08.02 02:00:30.458,9.57776,9.5803,1.12,1.00
2017.08.02 02:00:35.895,9.57776,9.58029,1.12,1.00
2017.08.02 02:00:39.890,9.57771,9.58031,1.37,1.00
2017.08.02 02:01:33.075,9.57806,9.58031,1.00,1.00
2017.08.02 02:01:36.067,9.57796,9.58031,1.00,1.00
2017.08.02 02:01:39.899,9.57796,9.58039,1.00,1.00
2017.08.02 02:01:41.272,9.57796,9.5803,1.00,1.00
2017.08.02 02:01:54.992,9.57796,9.58033,1.00,1.00
2017.08.02 02:02:15.689,9.57796,9.5803,1.00,1.00
2017.08.02 02:02:33.090,9.57786,9.5803,1.00,1.00
2017.08.02 02:02:45.726,9.57786,9.58033,1.00,1.00
2017.08.02 02:03:12.810,9.57796,9.58033,1.00,1.00
2017.08.02 02:03:38.309,9.57796,9.58025,1.00,1.00
2017.08.02 02:04:01.663,9.57795,9.58025,1.00,1.00
2017.08.02 02:04:06.544,9.57786,9.58025,1.00,1.00
2017.08.02 02:04:31.170,9.57786,9.58031,1.00,1.00
2017.08.02 02:04:31.322,9.57786,9.58014,1.00,1.00
2017.08.02 02:04:50.596,9.57776,9.58014,1.00,1.00
2017.08.02 02:05:21.016,9.57776,9.58023,1.00,1.00
2017.08.02 02:05:21.168,9.57776,9.57988,1.00,1.00
2017.08.02 02:05:21.604,9.57776,9.58016,1.00,1.00
2017.08.02 02:05:21.655,9.57786,9.58015,1.00,1.00
2017.08.02 02:05:21.971,9.57775,9.58004,1.00,1.00
2017.08.02 02:06:00.382,9.57775,9.58014,1.00,1.00
2017.08.02 02:06:00.483,9.57775,9.58004,1.00,1.00
2017.08.02 02:06:00.940,9.57786,9.58004,1.00,1.00
2017.08.02 02:06:12.027,9.57786,9.58014,1.00,1.00
2017.08.02 02:06:32.924,9.57786,9.58004,1.00,1.00
2017.08.02 02:07:32.955,9.57786,9.58016,1.00,1.00
2017.08.02 02:07:55.332,9.57786,9.58004,1.00,1.00
2017.08.02 02:08:00.541,9.57785,9.58004,1.00,1.00
2017.08.02 02:08:04.624,9.57785,9.58016,1.00,1.00
2017.08.02 02:08:25.967,9.57785,9.58019,1.00,1.00
2017.08.02 02:08:27.498,9.57785,9.58016,1.00,1.00
2017.08.02 02:08:40.497,9.57786,9.58016,1.00,1.00
2017.08.02 02:10:26.061,9.57786,9.58019,1.00,1.00
2017.08.02 02:10:27.983,9.57786,9.58015,1.00,1.00
2017.08.02 02:10:56.079,9.57786,9.58014,1.00,1.00
2017.08.02 02:11:01.723,9.57786,9.58013,1.00,1.00
2017.08.02 02:12:01.834,9.57786,9.58014,1.00,1.00
2017.08.02 02:12:02.716,9.57786,9.5804,1.00,1.00
2017.08.02 02:12:03.206,9.57786,9.58013,1.00,1.00
2017.08.02 02:13:03.510,9.57786,9.58194,1.00,1.60
2017.08.02 02:13:04.016,9.57786,9.58194,1.00,1.60
2017.08.02 02:13:04.067,9.57786,9.58194,1.00,1.60
2017.08.02 02:13:04.224,9.57786,9.58033,1.00,1.00
2017.08.02 02:15:04.488,9.57786,9.58042,1.00,1.00
2017.08.02 02:15:04.539,9.57786,9.58013,1.00,1.00
2017.08.02 02:16:04.506,9.57786,9.58042,1.00,1.00
2017.08.02 02:16:04.688,9.57786,9.58013,1.00,1.00
2017.08.02 02:16:20.962,9.57776,9.58013,1.00,1.00
2017.08.02 02:17:12.759,9.57776,9.58014,1.00,1.00
2017.08.02 02:18:15.600,9.57776,9.58041,1.00,1.00
2017.08.02 02:18:15.702,9.57776,9.58014,1.00,1.00
2017.08.02 02:19:04.636,9.57776,9.58013,1.00,1.00
2017.08.02 02:19:09.719,9.57776,9.57994,1.00,1.00
2017.08.02 02:19:09.820,9.57776,9.58004,1.00,1.00
2017.08.02 02:19:10.115,9.57776,9.57994,1.00,1.00
2017.08.02 02:19:10.239,9.57776,9.58004,1.00,1.00
2017.08.02 02:19:17.567,9.57776,9.57994,1.00,1.00
2017.08.02 02:19:17.719,9.57776,9.58004,1.00,1.00
2017.08.02 02:19:17.787,9.57776,9.57994,1.00,1.00
2017.08.02 02:19:17.930,9.57776,9.58005,1.00,1.00
2017.08.02 02:19:18.280,9.57776,9.57994,1.00,1.00
2017.08.02 02:19:18.431,9.57776,9.58004,1.00,1.00
2017.08.02 02:19:18.491,9.57776,9.57994,1.00,1.00
2017.08.02 02:19:33.047,9.57776,9.58004,1.00,1.00
2017.08.02 02:19:33.199,9.57776,9.57995,1.00,1.00
2017.08.02 02:19:33.313,9.57776,9.58004,1.00,1.00
2017.08.02 02:19:33.415,9.57776,9.57994,1.00,1.00
2017.08.02 02:19:33.782,9.57776,9.58004,1.00,1.00
2017.08.02 02:19:33.884,9.57776,9.57994,1.00,1.00
2017.08.02 02:19:34.346,9.57776,9.58004,1.00,1.00
2017.08.02 02:19:34.401,9.57776,9.57994,1.00,1.00
2017.08.02 02:19:36.775,9.57776,9.58005,1.00,1.00
2017.08.02 02:19:36.830,9.57776,9.57994,1.00,1.00
2017.08.02 02:19:40.266,9.57776,9.58004,1.00,1.00
2017.08.02 02:19:40.368,9.57776,9.57994,1.00,1.00
2017.08.02 02:19:42.130,9.57776,9.58004,1.00,1.00
2017.08.02 02:19:42.232,9.57776,9.57995,1.00,1.00
2017.08.02 02:19:42.333,9.57776,9.58004,1.00,1.00
2017.08.02 02:19:42.400,9.57776,9.57994,1.00,1.00
2017.08.02 02:19:52.745,9.57776,9.58004,1.00,1.00
2017.08.02 02:20:06.198,9.57776,9.57994,1.00,1.00
2017.08.02 02:20:21.894,9.57776,9.58005,1.00,1.00
2017.08.02 02:20:43.340,9.57776,9.57994,1.00,1.00
2017.08.02 02:20:43.441,9.57776,9.58004,1.00,1.00
2017.08.02 02:20:53.427,9.57776,9.57994,1.00,1.00
2017.08.02 02:20:53.477,9.57776,9.58004,1.00,1.00
2017.08.02 02:20:53.578,9.57776,9.57994,1.00,1.00
2017.08.02 02:20:54.185,9.57776,9.58004,1.00,1.00
2017.08.02 02:20:54.286,9.57776,9.57994,1.00,1.00
2017.08.02 02:20:54.387,9.57776,9.58004,1.00,1.00
2017.08.02 02:21:54.467,9.57776,9.58016,1.00,1.50
2017.08.02 02:22:06.985,9.57776,9.58004,1.00,1.00
2017.08.02 02:23:03.713,9.57776,9.58014,1.00,1.00
2017.08.02 02:23:37.520,9.57766,9.58014,1.00,1.00
2017.08.02 02:24:03.773,9.57766,9.58016,1.00,1.50
2017.08.02 02:24:06.790,9.57766,9.58017,1.00,1.00
2017.08.02 02:24:07.449,9.57766,9.58016,1.00,1.00
2017.08.02 02:24:34.214,9.57766,9.58004,1.00,1.00
2017.08.02 02:25:06.787,9.57766,9.57994,1.00,1.00
2017.08.02 02:25:06.898,9.57766,9.58004,1.00,1.50
2017.08.02 02:25:18.319,9.57766,9.57994,1.00,1.00
2017.08.02 02:25:18.420,9.57766,9.58004,1.00,1.00
2017.08.02 02:25:18.584,9.57766,9.57994,1.00,1.00
2017.08.02 02:25:18.635,9.57766,9.58004,1.00,1.50
2017.08.02 02:25:19.534,9.57766,9.57994,1.00,1.00
2017.08.02 02:25:19.638,9.57766,9.58004,1.00,1.50
2017.08.02 02:25:19.906,9.57766,9.57994,1.00,1.00
2017.08.02 02:25:20.058,9.57766,9.58004,1.00,1.00
2017.08.02 02:25:21.300,9.57766,9.57995,1.00,1.00
2017.08.02 02:25:21.411,9.57766,9.58004,1.00,1.50
2017.08.02 02:25:25.845,9.57766,9.57994,1.00,1.00
2017.08.02 02:25:26.258,9.57776,9.58004,1.00,1.50
2017.08.02 02:25:26.870,9.57776,9.57994,1.00,1.00
2017.08.02 02:25:26.981,9.57776,9.58004,1.00,1.50
2017.08.02 02:25:30.782,9.57776,9.57994,1.00,1.00
2017.08.02 02:25:30.892,9.57776,9.58004,1.00,1.50
2017.08.02 02:25:31.212,9.57776,9.57994,1.00,1.00
2017.08.02 02:25:31.364,9.57776,9.58004,1.00,1.50
2017.08.02 02:25:32.869,9.57776,9.57994,1.00,1.00
2017.08.02 02:25:32.943,9.57776,9.58004,1.00,1.50
2017.08.02 02:25:36.583,9.57776,9.57994,1.00,1.00
2017.08.02 02:25:36.693,9.57776,9.58004,1.00,1.00
2017.08.02 02:25:38.905,9.57776,9.57994,1.00,1.00
2017.08.02 02:25:38.966,9.57776,9.58004,1.00,1.50
2017.08.02 02:25:43.602,9.57776,9.57994,1.00,1.00
2017.08.02 02:25:43.828,9.57776,9.58004,1.00,1.50
2017.08.02 02:25:53.803,9.57776,9.57994,1.00,1.00
2017.08.02 02:25:54.009,9.57776,9.58004,1.00,1.00
2017.08.02 02:25:57.254,9.57776,9.57994,1.00,1.00
2017.08.02 02:25:58.199,9.57776,9.58004,1.00,1.00
2017.08.02 02:25:59.919,9.57776,9.57994,1.00,1.00
2017.08.02 02:26:00.762,9.57776,9.58004,1.00,1.00
2017.08.02 02:26:11.763,9.57776,9.57995,1.00,1.00
2017.08.02 02:26:11.853,9.57776,9.58004,1.00,1.00
2017.08.02 02:26:12.958,9.57776,9.57994,1.00,1.00
2017.08.02 02:27:12.952,9.57776,9.58022,1.00,1.00
2017.08.02 02:27:17.682,9.57776,9.58009,1.00,1.00
2017.08.02 02:29:17.796,9.57776,9.58022,1.00,1.00
2017.08.02 02:29:17.989,9.57776,9.58009,1.00,1.00
2017.08.02 02:30:04.695,9.57776,9.58007,1.00,1.00
2017.08.02 02:30:46.010,9.57775,9.58007,1.00,1.00
2017.08.02 02:31:04.795,9.57775,9.58009,1.00,1.00
2017.08.02 02:31:26.009,9.57776,9.58009,1.00,1.00
2017.08.02 02:32:18.278,9.57776,9.58035,1.00,1.00
2017.08.02 02:32:18.496,9.57776,9.58009,1.00,1.00
2017.08.02 02:32:22.466,9.57776,9.58007,1.00,1.00
2017.08.02 02:33:22.779,9.57776,9.58013,1.00,1.00
2017.08.02 02:34:13.899,9.57776,9.58035,1.00,1.00
2017.08.02 02:34:13.979,9.57776,9.58014,1.00,1.00
2017.08.02 02:35:14.005,9.57776,9.58013,1.00,1.00
2017.08.02 02:36:14.180,9.57776,9.58035,1.00,1.00
2017.08.02 02:36:14.230,9.57776,9.58013,1.00,1.00
2017.08.02 02:37:14.387,9.57776,9.58035,1.00,1.00
2017.08.02 02:37:14.492,9.57776,9.58013,1.00,1.00
2017.08.02 02:38:14.556,9.57776,9.58035,1.00,1.00
2017.08.02 02:38:14.686,9.57776,9.58013,1.00,1.00
2017.08.02 02:40:14.832,9.57776,9.58184,1.00,1.97
2017.08.02 02:40:14.991,9.57776,9.58033,1.00,1.00
2017.08.02 02:40:29.945,9.57776,9.58012,1.00,1.00
2017.08.02 02:40:32.649,9.57785,9.58012,1.00,1.00
2017.08.02 02:41:04.665,9.57785,9.58013,1.00,1.00
2017.08.02 02:41:12.668,9.57786,9.58013,1.00,1.00
2017.08.02 02:41:21.761,9.57786,9.57994,1.00,1.00
2017.08.02 02:41:22.953,9.57786,9.58004,1.00,1.00
2017.08.02 02:41:23.219,9.57786,9.57994,1.00,1.00
2017.08.02 02:41:25.060,9.57786,9.58005,1.00,1.00
2017.08.02 02:42:12.751,9.57786,9.57994,1.00,1.00
2017.08.02 02:42:22.472,9.57786,9.58004,1.00,1.00
2017.08.02 02:43:22.656,9.57786,9.5802,1.00,1.00
2017.08.02 02:43:29.975,9.57786,9.58017,1.00,1.00
2017.08.02 02:43:33.467,9.57786,9.58006,1.00,1.00
2017.08.02 02:43:37.176,9.57786,9.58024,1.00,1.00
2017.08.02 02:43:37.288,9.57786,9.58014,1.00,1.00
2017.08.02 02:43:52.718,9.57785,9.58014,1.00,1.00
2017.08.02 02:43:54.265,9.57785,9.58004,1.00,1.00
2017.08.02 02:44:28.680,9.57785,9.5802,1.00,1.00
2017.08.02 02:44:28.832,9.57785,9.58014,1.00,1.00
2017.08.02 02:44:29.178,9.57785,9.5802,1.00,1.00
2017.08.02 02:44:29.280,9.57785,9.58004,1.00,1.00
2017.08.02 02:44:32.718,9.57786,9.58004,1.00,1.00
2017.08.02 02:44:59.898,9.57786,9.58018,1.00,1.00
2017.08.02 02:45:00.000,9.57786,9.58004,1.00,1.00
2017.08.02 02:45:01.919,9.57786,9.58016,1.00,1.00
2017.08.02 02:45:02.102,9.57786,9.58004,1.00,1.00
2017.08.02 02:45:02.917,9.57786,9.58016,1.00,1.00
2017.08.02 02:45:02.976,9.57786,9.58004,1.00,1.00
2017.08.02 02:45:03.338,9.57786,9.58016,1.00,1.00
2017.08.02 02:45:03.452,9.57786,9.58005,1.00,1.00
2017.08.02 02:45:07.650,9.57786,9.58018,1.00,1.00
2017.08.02 02:45:07.751,9.57786,9.58004,1.00,1.00
2017.08.02 02:45:08.211,9.57786,9.57994,1.00,1.00
2017.08.02 02:45:27.101,9.57786,9.58016,1.00,1.00
2017.08.02 02:45:27.202,9.57786,9.58004,1.00,1.00
2017.08.02 02:45:37.701,9.57786,9.58021,1.00,1.00
2017.08.02 02:45:37.853,9.57786,9.58004,1.00,1.00
2017.08.02 02:45:40.811,9.57786,9.58021,1.00,1.00
2017.08.02 02:45:40.902,9.57786,9.58004,1.00,1.00
2017.08.02 02:46:01.769,9.57786,9.5802,1.00,1.00
2017.08.02 02:46:01.921,9.57786,9.58004,1.00,1.00
2017.08.02 02:46:02.867,9.57786,9.5802,1.00,1.00
2017.08.02 02:46:02.968,9.57786,9.58004,1.00,1.00
2017.08.02 02:46:07.397,9.57786,9.58018,1.00,1.00
2017.08.02 02:46:07.504,9.57786,9.58004,1.00,1.00
2017.08.02 02:46:13.832,9.57786,9.57994,1.00,1.00
2017.08.02 02:46:14.863,9.57786,9.58004,1.00,1.00
2017.08.02 02:46:17.150,9.57786,9.58016,1.00,1.00
2017.08.02 02:46:20.953,9.57786,9.58018,1.00,1.00
2017.08.02 02:46:25.886,9.57786,9.58004,1.00,1.00
2017.08.02 02:46:26.270,9.57786,9.57994,1.00,1.00
2017.08.02 02:46:26.321,9.57786,9.58005,1.00,1.00
2017.08.02 02:46:26.641,9.57786,9.57994,1.00,1.00
2017.08.02 02:46:26.922,9.57786,9.58004,1.00,1.00
2017.08.02 02:46:27.791,9.57786,9.57994,1.00,1.00
2017.08.02 02:46:27.889,9.57786,9.58004,1.00,1.00
2017.08.02 02:46:33.632,9.57796,9.58024,1.00,1.00
2017.08.02 02:46:33.734,9.57796,9.58034,1.00,1.00
2017.08.02 02:46:34.224,9.57786,9.58026,1.00,1.00
2017.08.02 02:46:34.326,9.57786,9.58004,1.00,1.00
2017.08.02 02:47:21.659,9.57786,9.58014,1.00,1.00
2017.08.02 02:47:21.744,9.57786,9.58004,1.00,1.00
2017.08.02 02:47:30.625,9.57786,9.58016,1.00,1.00
2017.08.02 02:47:30.685,9.57786,9.58004,1.00,1.00
2017.08.02 02:48:30.710,9.57786,9.58018,1.00,1.00
2017.08.02 02:48:36.326,9.57786,9.58193,1.00,3.22
2017.08.02 02:48:36.709,9.57786,9.58039,1.00,1.00
2017.08.02 02:49:36.720,9.57786,9.58194,1.00,3.97
2017.08.02 02:49:36.978,9.57786,9.58038,1.00,1.00
2017.08.02 02:51:03.312,9.57739,9.58018,1.00,1.00
2017.08.02 02:51:37.100,9.57726,9.58114,1.00,1.00
2017.08.02 02:51:37.200,9.57739,9.58018,1.00,1.00
2017.08.02 02:52:04.672,9.57739,9.58004,1.00,1.00
2017.08.02 02:52:06.505,9.57739,9.58018,1.00,1.00
2017.08.02 02:52:37.276,9.57736,9.58019,1.50,1.00
2017.08.02 02:52:38.982,9.57739,9.58018,1.00,1.00
2017.08.02 02:53:16.145,9.57736,9.58015,2.25,1.00
2017.08.02 02:54:16.193,9.57736,9.58019,1.00,1.00
2017.08.02 02:54:19.214,9.57736,9.58015,1.50,1.00
2017.08.02 02:54:51.378,9.57736,9.58007,2.25,1.00
2017.08.02 02:55:31.419,9.57739,9.58007,1.00,1.00
2017.08.02 02:55:37.109,9.57736,9.58007,2.25,1.00
2017.08.02 02:55:46.450,9.57739,9.58007,1.00,1.00
2017.08.02 02:56:21.874,9.57739,9.58018,1.00,1.00
2017.08.02 02:56:41.317,9.57739,9.58007,1.00,1.00
2017.08.02 02:56:46.738,9.57736,9.58007,1.00,1.00
2017.08.02 02:56:49.697,9.57739,9.58007,1.00,1.00
2017.08.02 02:57:41.416,9.57739,9.58018,1.00,1.00
2017.08.02 02:57:45.365,9.57746,9.58018,1.00,1.00
2017.08.02 02:57:45.893,9.57739,9.58018,1.00,1.00
2017.08.02 02:57:49.735,9.57736,9.58041,1.50,1.00
2017.08.02 02:57:49.989,9.57739,9.58018,1.00,1.00
2017.08.02 02:58:06.170,9.57739,9.58008,1.00,1.00
2017.08.02 02:58:50.167,9.57736,9.58008,1.00,1.00
2017.08.02 02:58:50.218,9.57738,9.58008,1.00,1.00
2017.08.02 02:59:06.234,9.57738,9.58019,1.00,1.00
2017.08.02 02:59:22.512,9.57737,9.58017,1.00,1.00
2017.08.02 02:59:54.377,9.57736,9.57998,1.00,1.00
2017.08.02 02:59:54.927,9.57736,9.57997,1.00,1.00
2017.08.02 02:59:54.977,9.57739,9.58008,1.00,1.00
