2015.09.10 06:00:00.212,9.41046,9.41266,1.57,1.00
2015.09.10 06:00:00.314,9.41046,9.41281,1.57,1.00
2015.09.10 06:00:00.365,9.41046,9.41257,1.57,1.00
2015.09.10 06:00:00.710,9.41046,9.41257,1.87,1.00
2015.09.10 06:00:00.761,9.41,9.41257,1.37,1.00
2015.09.10 06:00:00.985,9.40966,9.41233,2.25,1.00
2015.09.10 06:00:01.411,9.40966,9.41233,2.25,1.00
2015.09.10 06:00:01.722,9.40966,9.41209,2.25,1.00
2015.09.10 06:00:03.147,9.41056,9.41209,2.25,1.00
2015.09.10 06:00:03.273,9.41056,9.41209,1.87,1.00
2015.09.10 06:00:04.502,9.41026,9.41294,1.87,1.50
2015.09.10 06:00:04.603,9.41026,9.41394,1.87,1.50
2015.09.10 06:00:04.806,9.41026,9.41394,1.87,1.50
2015.09.10 06:00:04.907,9.41026,9.41394,1.57,1.50
2015.09.10 06:00:05.316,9.41063,9.41394,1.00,1.50
2015.09.10 06:00:05.518,9.41026,9.41594,1.57,1.50
2015.09.10 06:00:06.229,9.41078,9.41594,1.00,1.50
2015.09.10 06:00:06.540,9.41078,9.41594,1.07,1.50
2015.09.10 06:00:16.253,9.41166,9.41734,1.50,1.50
2015.09.10 06:00:17.029,9.41186,9.41754,1.50,1.50
2015.09.10 06:00:19.010,9.41196,9.41764,1.50,1.50
2015.09.10 06:00:21.317,9.41186,9.41754,1.50,1.50
2015.09.10 06:00:23.115,9.41166,9.41734,1.50,1.50
2015.09.10 06:00:23.443,9.41196,9.41764,1.50,1.50
2015.09.10 06:00:26.206,9.41186,9.41754,1.50,1.50
2015.09.10 06:00:31.125,9.41146,9.41714,1.57,1.50
2015.09.10 06:00:34.238,9.41166,9.41734,1.50,1.50
2015.09.10 06:00:35.091,9.41166,9.41618,1.50,1.00
2015.09.10 06:00:35.395,9.41146,9.41536,1.50,1.00
2015.09.10 06:00:36.172,9.41063,9.41536,1.00,1.00
2015.09.10 06:00:36.391,9.41043,9.41509,1.07,1.00
2015.09.10 06:00:40.291,9.4106,9.415,1.00,1.00
2015.09.10 06:00:41.153,9.41136,9.415,1.50,1.00
2015.09.10 06:00:42.267,9.41116,9.41484,1.50,1.50
2015.09.10 06:00:42.810,9.41116,9.41477,1.50,1.00
2015.09.10 06:00:44.200,9.41096,9.41464,1.50,1.50
2015.09.10 06:00:45.670,9.41096,9.41461,1.50,1.00
2015.09.10 06:00:50.648,9.41096,9.41265,1.50,1.00
2015.09.10 06:00:50.953,9.41096,9.41106,1.50,1.00
2015.09.10 06:00:51.297,9.41057,9.41062,1.50,1.00
2015.09.10 06:00:51.349,9.40976,9.41062,2.25,1.00
2015.09.10 06:00:51.552,9.40976,9.41062,1.50,1.00
2015.09.10 06:00:52.118,9.40956,9.41062,2.25,1.00
2015.09.10 06:00:52.646,9.40956,9.41062,2.25,1.00
2015.09.10 06:00:55.819,9.40956,9.41038,2.25,1.00
2015.09.10 06:00:55.920,9.40956,9.41054,2.25,1.00
2015.09.10 06:00:56.124,9.40956,9.41063,3.00,1.00
2015.09.10 06:00:56.175,9.40956,9.41063,2.62,1.00
2015.09.10 06:00:57.124,9.40969,9.41123,1.00,1.00
2015.09.10 06:00:57.226,9.40969,9.4115,1.00,1.00
2015.09.10 06:00:57.329,9.41005,9.41275,1.50,1.50
2015.09.10 06:00:57.747,9.41005,9.41275,1.57,1.50
2015.09.10 06:00:58.805,9.41076,9.41444,1.50,1.50
2015.09.10 06:00:59.081,9.41116,9.41484,1.50,1.50
2015.09.10 06:00:59.537,9.41066,9.41634,1.50,1.50
2015.09.10 06:00:59.588,9.41066,9.41634,1.57,1.50
2015.09.10 06:00:59.640,9.41106,9.41674,1.50,1.50
2015.09.10 06:01:00.116,9.41106,9.41674,1.87,1.50
2015.09.10 06:01:00.437,9.41201,9.41644,1.00,1.00
2015.09.10 06:01:05.657,9.4119,9.41633,1.00,1.00
2015.09.10 06:01:10.771,9.41136,9.41575,1.50,1.00
2015.09.10 06:01:10.822,9.41132,9.41575,1.00,1.00
2015.09.10 06:01:12.169,9.41112,9.41506,1.00,1.00
2015.09.10 06:01:12.220,9.41066,9.41506,2.25,1.00
2015.09.10 06:01:12.271,9.41103,9.41526,1.00,1.00
2015.09.10 06:01:12.322,9.41103,9.41546,1.00,1.00
2015.09.10 06:01:14.061,9.41128,9.41546,1.00,1.00
2015.09.10 06:01:14.112,9.41128,9.41571,1.00,1.00
2015.09.10 06:01:16.876,9.41108,9.41533,1.00,1.00
2015.09.10 06:01:16.927,9.4109,9.41533,1.00,1.00
2015.09.10 06:01:16.978,9.41118,9.41553,1.00,1.00
2015.09.10 06:01:17.029,9.41118,9.41561,1.00,1.00
2015.09.10 06:01:18.471,9.41098,9.41529,1.00,1.00
2015.09.10 06:01:18.522,9.41089,9.41529,1.00,1.00
2015.09.10 06:01:18.573,9.41112,9.41549,1.00,1.00
2015.09.10 06:01:18.625,9.41112,9.41555,1.00,1.00
2015.09.10 06:01:19.651,9.41092,9.41475,1.00,1.00
2015.09.10 06:01:19.702,9.41035,9.41475,1.00,1.00
2015.09.10 06:01:19.753,9.41087,9.41495,1.00,1.00
2015.09.10 06:01:19.804,9.41087,9.41504,1.00,1.50
2015.09.10 06:01:20.029,9.41087,9.4153,1.00,1.00
2015.09.10 06:01:21.655,9.41067,9.4147,1.00,1.00
2015.09.10 06:01:21.706,9.4103,9.4147,1.00,1.00
2015.09.10 06:01:21.808,9.41045,9.4147,1.00,1.00
2015.09.10 06:01:21.859,9.41065,9.41505,1.00,1.00
2015.09.10 06:01:24.354,9.41045,9.41463,1.00,1.00
2015.09.10 06:01:24.406,9.41023,9.41463,1.00,1.00
2015.09.10 06:01:24.997,9.41066,9.41463,1.50,1.00
2015.09.10 06:01:25.764,9.41066,9.41475,1.50,1.00
2015.09.10 06:01:28.764,9.41066,9.41494,1.50,1.50
2015.09.10 06:01:28.968,9.41076,9.41501,1.50,1.00
2015.09.10 06:01:37.219,9.41076,9.41488,1.50,1.00
2015.09.10 06:01:39.406,9.41076,9.41461,1.50,1.00
2015.09.10 06:01:40.185,9.41076,9.41485,1.50,1.00
2015.09.10 06:01:42.939,9.41086,9.41485,1.50,1.00
2015.09.10 06:01:43.332,9.41086,9.41505,1.50,1.00
2015.09.10 06:01:43.383,9.41086,9.41509,1.50,1.00
2015.09.10 06:01:43.956,9.41066,9.41509,1.00,1.00
2015.09.10 06:01:44.448,9.41026,9.41466,1.75,1.00
2015.09.10 06:01:44.499,9.41051,9.41486,1.00,1.00
2015.09.10 06:01:44.550,9.41051,9.41491,1.00,1.00
2015.09.10 06:01:44.964,9.41076,9.41491,1.50,1.00
2015.09.10 06:01:45.748,9.41076,9.41495,1.50,1.00
2015.09.10 06:01:46.257,9.41076,9.41484,1.50,1.00
2015.09.10 06:01:46.730,9.41076,9.41464,1.50,1.00
2015.09.10 06:01:46.940,9.41056,9.41464,1.50,1.00
2015.09.10 06:01:48.713,9.41056,9.41484,1.50,1.50
2015.09.10 06:01:48.764,9.41059,9.41484,1.00,1.50
2015.09.10 06:01:49.131,9.41079,9.41504,1.00,1.50
2015.09.10 06:01:50.967,9.41079,9.41519,1.00,1.00
2015.09.10 06:01:53.165,9.41079,9.41515,1.00,1.00
2015.09.10 06:01:53.419,9.41104,9.41546,1.00,1.00
2015.09.10 06:01:54.576,9.41095,9.41535,1.00,1.00
2015.09.10 06:01:57.710,9.41095,9.41486,1.00,1.00
2015.09.10 06:01:57.761,9.41026,9.41466,1.00,1.00
2015.09.10 06:01:57.913,9.41056,9.41466,1.50,1.00
2015.09.10 06:02:00.477,9.41056,9.41484,1.50,1.50
2015.09.10 06:02:00.977,9.41076,9.41491,1.50,1.00
2015.09.10 06:02:02.162,9.41076,9.41504,2.25,1.50
2015.09.10 06:02:05.760,9.41083,9.41504,1.00,1.50
2015.09.10 06:02:06.041,9.41083,9.41525,1.00,1.00
2015.09.10 06:02:08.635,9.41078,9.41518,1.00,1.00
2015.09.10 06:02:09.807,9.41068,9.41508,1.00,1.00
2015.09.10 06:02:10.177,9.41096,9.41536,1.00,1.00
2015.09.10 06:02:13.957,9.41096,9.41524,2.25,1.50
2015.09.10 06:02:15.035,9.41096,9.41536,1.00,1.00
2015.09.10 06:02:15.509,9.41088,9.41528,1.00,1.00
2015.09.10 06:02:15.813,9.41114,9.41554,1.00,1.00
2015.09.10 06:02:17.188,9.41094,9.41496,1.00,1.00
2015.09.10 06:02:17.239,9.41056,9.41496,1.00,1.00
2015.09.10 06:02:17.290,9.41087,9.41516,1.00,1.00
2015.09.10 06:02:17.341,9.41087,9.41527,1.00,1.00
2015.09.10 06:02:21.869,9.41075,9.41515,1.00,1.00
2015.09.10 06:02:25.738,9.41055,9.41495,1.00,1.00
2015.09.10 06:02:25.940,9.41078,9.4152,1.00,1.00
2015.09.10 06:02:25.991,9.41086,9.41514,1.50,1.50
2015.09.10 06:02:26.306,9.41086,9.41484,1.50,1.00
2015.09.10 06:02:26.509,9.41086,9.41503,1.50,1.00
2015.09.10 06:02:26.610,9.41086,9.41514,1.50,1.50
2015.09.10 06:02:26.900,9.41086,9.41481,1.50,1.00
2015.09.10 06:02:26.951,9.41041,9.41481,1.75,1.00
2015.09.10 06:02:27.002,9.41077,9.41501,1.00,1.00
2015.09.10 06:02:27.223,9.41057,9.41482,1.00,1.00
2015.09.10 06:02:27.275,9.41042,9.41482,1.00,1.00
2015.09.10 06:02:27.428,9.41077,9.41502,1.00,1.00
2015.09.10 06:02:27.479,9.41077,9.41517,1.00,1.00
2015.09.10 06:02:27.908,9.41057,9.41491,1.00,1.00
2015.09.10 06:02:27.959,9.41051,9.41491,1.00,1.00
2015.09.10 06:02:28.506,9.41031,9.41466,1.00,1.00
2015.09.10 06:02:28.557,9.41024,9.41466,1.00,1.00
2015.09.10 06:02:28.917,9.41066,9.41466,1.50,1.00
2015.09.10 06:02:29.908,9.41066,9.41442,1.50,1.00
2015.09.10 06:02:30.506,9.41066,9.41462,1.50,1.00
2015.09.10 06:02:30.558,9.41066,9.41478,1.50,1.00
2015.09.10 06:02:30.609,9.41066,9.41452,1.50,1.00
2015.09.10 06:02:30.928,9.41056,9.41471,1.50,1.00
2015.09.10 06:02:30.979,9.41056,9.41484,1.50,1.50
2015.09.10 06:02:31.232,9.41056,9.41484,2.25,1.50
2015.09.10 06:02:31.471,9.41053,9.41488,1.75,1.00
2015.09.10 06:02:31.522,9.41028,9.41468,1.00,1.00
2015.09.10 06:02:32.327,9.41066,9.41468,1.50,1.00
2015.09.10 06:02:32.742,9.41066,9.41439,1.50,1.00
2015.09.10 06:02:33.328,9.41046,9.41439,1.50,1.00
2015.09.10 06:02:34.087,9.41046,9.41435,1.50,1.00
2015.09.10 06:02:34.438,9.41046,9.41435,2.25,1.00
2015.09.10 06:02:35.381,9.41046,9.41424,2.25,1.00
2015.09.10 06:02:37.428,9.41059,9.41434,1.75,1.00
2015.09.10 06:02:46.045,9.41066,9.41435,2.25,1.00
2015.09.10 06:02:50.420,9.41066,9.41444,2.25,1.00
2015.09.10 06:02:56.084,9.41066,9.41464,2.25,1.00
2015.09.10 06:02:58.024,9.41066,9.41444,2.25,1.00
2015.09.10 06:02:59.212,9.41056,9.41424,2.25,1.00
2015.09.10 06:02:59.489,9.41056,9.41424,2.25,1.00
2015.09.10 06:03:00.081,9.41056,9.41404,2.25,1.00
2015.09.10 06:03:00.957,9.41048,9.41404,1.75,1.00
2015.09.10 06:03:01.512,9.41086,9.41404,1.57,1.00
2015.09.10 06:03:01.715,9.41086,9.41424,2.25,1.00
2015.09.10 06:03:02.508,9.41086,9.41454,2.25,1.00
2015.09.10 06:03:03.229,9.41086,9.41474,2.25,1.00
2015.09.10 06:03:03.425,9.41086,9.41464,2.25,1.00
2015.09.10 06:03:04.430,9.41071,9.41454,1.75,1.00
2015.09.10 06:03:04.799,9.41086,9.41464,2.25,1.00
2015.09.10 06:03:08.199,9.41086,9.4145,2.25,1.00
2015.09.10 06:03:08.300,9.41086,9.41464,2.25,1.00
2015.09.10 06:03:08.402,9.41086,9.41457,2.25,1.00
2015.09.10 06:03:09.196,9.41066,9.41444,2.25,1.00
2015.09.10 06:03:12.714,9.41056,9.41442,2.25,1.00
2015.09.10 06:03:12.816,9.41056,9.41444,2.25,1.00
2015.09.10 06:03:16.662,9.41046,9.41434,2.25,1.00
2015.09.10 06:03:17.128,9.41046,9.41404,2.25,1.00
2015.09.10 06:03:17.230,9.41046,9.41404,2.25,1.00
2015.09.10 06:03:17.433,9.41046,9.41404,2.25,1.00
2015.09.10 06:03:19.446,9.41056,9.41414,2.25,1.00
2015.09.10 06:03:20.156,9.41056,9.41424,2.25,1.00
2015.09.10 06:03:21.471,9.41046,9.41414,2.25,1.00
2015.09.10 06:03:29.162,9.41056,9.41434,2.25,1.00
2015.09.10 06:03:31.489,9.41058,9.41444,1.75,1.00
2015.09.10 06:03:31.742,9.41078,9.41444,1.75,1.00
2015.09.10 06:03:32.390,9.41089,9.41425,1.75,1.00
2015.09.10 06:03:32.492,9.41058,9.41425,1.75,1.00
2015.09.10 06:03:32.695,9.41066,9.41434,2.25,1.00
2015.09.10 06:03:33.287,9.41066,9.41424,2.25,1.00
2015.09.10 06:03:35.826,9.41066,9.41425,2.25,1.00
2015.09.10 06:03:35.928,9.41066,9.41444,2.25,1.00
2015.09.10 06:03:36.353,9.41066,9.41444,2.25,1.00
2015.09.10 06:03:36.476,9.41066,9.41444,2.25,1.00
2015.09.10 06:03:36.628,9.41082,9.41454,1.75,1.00
2015.09.10 06:03:36.679,9.41082,9.41454,1.75,1.00
2015.09.10 06:03:37.404,9.4108,9.41484,1.75,1.00
2015.09.10 06:03:37.455,9.4108,9.41484,1.75,1.00
2015.09.10 06:03:38.433,9.4108,9.41494,1.75,1.50
2015.09.10 06:03:40.536,9.41056,9.41484,2.25,1.50
2015.09.10 06:03:41.477,9.41056,9.41484,2.25,2.25
2015.09.10 06:03:41.983,9.41081,9.41484,1.75,2.25
2015.09.10 06:03:42.153,9.41081,9.41464,1.75,1.00
2015.09.10 06:03:43.288,9.41078,9.41454,1.75,1.00
2015.09.10 06:03:43.648,9.41078,9.41464,1.75,1.00
2015.09.10 06:03:44.773,9.41056,9.41484,2.25,3.00
2015.09.10 06:03:46.941,9.41056,9.41464,2.25,1.00
2015.09.10 06:03:47.477,9.41056,9.41484,2.25,3.00
2015.09.10 06:03:48.464,9.41082,9.41494,1.75,2.25
2015.09.10 06:03:49.025,9.41066,9.41493,2.25,1.00
2015.09.10 06:03:49.572,9.41073,9.41494,1.75,1.50
2015.09.10 06:03:49.673,9.41073,9.41484,1.75,1.00
2015.09.10 06:03:51.170,9.41075,9.41474,1.75,1.00
2015.09.10 06:03:52.203,9.41096,9.41484,2.25,1.00
2015.09.10 06:03:52.886,9.41096,9.41474,2.25,1.00
2015.09.10 06:03:57.383,9.4112,9.41484,1.37,1.00
2015.09.10 06:04:03.430,9.41096,9.41464,2.25,1.00
2015.09.10 06:04:04.931,9.41118,9.41465,1.37,1.00
2015.09.10 06:04:05.448,9.41096,9.41464,2.25,1.00
2015.09.10 06:04:06.908,9.41108,9.41465,1.37,1.00
2015.09.10 06:04:07.412,9.41115,9.41464,1.37,1.00
2015.09.10 06:04:08.524,9.41106,9.41465,2.25,1.00
2015.09.10 06:04:09.228,9.41114,9.41464,1.37,1.00
2015.09.10 06:04:09.729,9.41081,9.41465,1.75,1.00
2015.09.10 06:04:11.128,9.41081,9.41464,1.75,1.00
2015.09.10 06:04:13.418,9.41087,9.41454,1.75,1.00
2015.09.10 06:04:13.936,9.4106,9.41455,1.75,1.00
2015.09.10 06:04:15.740,9.4106,9.41474,1.75,1.00
2015.09.10 06:04:15.925,9.4106,9.41454,1.75,1.00
2015.09.10 06:04:19.481,9.41086,9.41474,2.25,1.00
2015.09.10 06:04:19.532,9.41086,9.41474,2.25,1.00
2015.09.10 06:04:24.049,9.41076,9.41475,2.25,1.00
2015.09.10 06:04:24.554,9.41102,9.41474,1.75,1.00
2015.09.10 06:04:26.556,9.4111,9.41475,1.75,1.00
2015.09.10 06:04:30.237,9.41076,9.41474,2.25,1.00
2015.09.10 06:04:30.542,9.41127,9.41474,1.75,1.00
2015.09.10 06:04:30.694,9.41127,9.41494,1.75,1.00
2015.09.10 06:04:30.897,9.41151,9.41544,1.75,1.50
2015.09.10 06:04:30.948,9.41151,9.41544,1.75,1.50
2015.09.10 06:04:31.050,9.41186,9.41614,2.25,2.25
2015.09.10 06:04:32.280,9.41186,9.41604,2.25,1.12
2015.09.10 06:04:35.718,9.41196,9.41624,2.25,1.50
2015.09.10 06:04:36.022,9.41226,9.41634,2.25,1.00
2015.09.10 06:04:36.458,9.41226,9.41604,1.87,1.00
2015.09.10 06:04:36.723,9.41226,9.41634,1.87,1.50
2015.09.10 06:04:36.774,9.41226,9.41634,2.25,1.50
2015.09.10 06:04:37.436,9.41246,9.41664,2.25,1.00
2015.09.10 06:04:38.216,9.41306,9.41704,2.25,1.00
2015.09.10 06:04:38.421,9.41306,9.41664,2.25,1.00
2015.09.10 06:04:38.523,9.41306,9.41664,1.57,1.00
2015.09.10 06:04:39.407,9.41306,9.4171,1.57,1.00
2015.09.10 06:04:39.509,9.41306,9.4171,2.25,1.00
2015.09.10 06:04:40.195,9.41315,9.41684,1.87,1.00
2015.09.10 06:04:40.410,9.41315,9.41694,1.87,1.00
2015.09.10 06:04:40.914,9.41315,9.4171,1.87,1.00
2015.09.10 06:04:41.015,9.41315,9.41714,2.62,1.00
2015.09.10 06:04:43.446,9.41328,9.41694,1.07,1.00
2015.09.10 06:04:43.917,9.41335,9.41665,1.57,1.00
2015.09.10 06:04:44.458,9.41335,9.41664,1.57,1.00
2015.09.10 06:04:44.815,9.41346,9.41664,1.50,1.00
2015.09.10 06:04:45.840,9.41354,9.41665,1.00,1.00
2015.09.10 06:04:45.942,9.41335,9.41665,1.57,1.00
2015.09.10 06:04:46.492,9.41335,9.41664,1.57,1.00
2015.09.10 06:04:46.818,9.41356,9.41664,1.50,1.00
2015.09.10 06:04:49.821,9.41361,9.41664,1.00,1.00
2015.09.10 06:04:49.922,9.41356,9.41664,1.50,1.00
2015.09.10 06:04:50.545,9.41359,9.41664,1.00,1.00
2015.09.10 06:04:50.647,9.41359,9.41704,1.00,1.00
2015.09.10 06:04:50.748,9.41359,9.41704,1.75,1.00
2015.09.10 06:04:51.076,9.41385,9.41714,2.25,1.00
2015.09.10 06:04:52.966,9.41385,9.41724,2.25,1.00
2015.09.10 06:04:54.270,9.41385,9.41725,2.25,1.00
2015.09.10 06:04:54.821,9.41385,9.41724,2.25,1.00
2015.09.10 06:04:56.984,9.41416,9.41734,1.87,1.00
2015.09.10 06:04:58.160,9.41416,9.41744,1.87,1.00
2015.09.10 06:04:58.815,9.41436,9.41744,1.50,1.00
2015.09.10 06:04:59.120,9.41436,9.41734,1.50,1.00
2015.09.10 06:04:59.621,9.41436,9.41735,1.50,1.00
2015.09.10 06:04:59.796,9.41416,9.41735,1.87,1.00
2015.09.10 06:05:00.865,9.41419,9.41734,1.07,1.00
2015.09.10 06:05:02.693,9.41322,9.41735,1.75,1.00
2015.09.10 06:05:03.339,9.41343,9.41734,1.75,1.00
2015.09.10 06:05:03.391,9.41343,9.41744,1.75,1.00
2015.09.10 06:05:04.711,9.41409,9.41744,1.75,1.00
2015.09.10 06:05:05.028,9.41446,9.41744,1.50,1.00
2015.09.10 06:05:06.373,9.41446,9.41764,1.50,1.00
2015.09.10 06:05:06.865,9.41461,9.41764,1.00,1.00
2015.09.10 06:05:07.174,9.41463,9.41764,1.00,1.00
2015.09.10 06:05:07.275,9.41436,9.41764,1.57,1.00
2015.09.10 06:05:07.706,9.41436,9.41744,1.57,1.00
2015.09.10 06:05:08.628,9.41456,9.41745,1.00,1.00
2015.09.10 06:05:08.983,9.41419,9.41744,1.37,1.00
2015.09.10 06:05:09.187,9.41446,9.41744,1.00,1.00
2015.09.10 06:05:09.947,9.41445,9.41744,1.00,1.00
2015.09.10 06:05:10.575,9.41416,9.41744,2.25,1.00
2015.09.10 06:05:15.949,9.414,9.41764,1.75,1.00
2015.09.10 06:05:16.922,9.4143,9.41744,1.37,1.00
2015.09.10 06:05:17.539,9.41385,9.41745,2.25,1.00
2015.09.10 06:05:18.068,9.41383,9.41744,1.75,1.00
2015.09.10 06:05:18.372,9.41436,9.41734,1.07,1.00
2015.09.10 06:05:18.474,9.41372,9.41734,1.75,1.00
2015.09.10 06:05:18.676,9.41372,9.41724,1.75,1.00
2015.09.10 06:05:19.161,9.41366,9.41694,2.25,1.50
2015.09.10 06:05:19.263,9.4134,9.41714,1.75,1.50
2015.09.10 06:05:19.811,9.41304,9.41714,1.75,2.25
2015.09.10 06:05:20.312,9.41304,9.41714,1.75,2.25
2015.09.10 06:05:20.645,9.41296,9.41684,1.12,1.00
2015.09.10 06:05:21.136,9.41296,9.41694,1.12,1.00
2015.09.10 06:05:21.753,9.41296,9.41674,2.62,1.00
2015.09.10 06:05:22.159,9.4132,9.41664,1.75,1.00
2015.09.10 06:05:22.463,9.41322,9.41664,1.75,1.00
2015.09.10 06:05:23.214,9.41311,9.41664,1.12,1.00
2015.09.10 06:05:24.289,9.41333,9.41664,1.75,1.00
2015.09.10 06:05:24.848,9.41331,9.41714,1.75,1.00
2015.09.10 06:05:24.949,9.41331,9.41714,1.75,1.00
2015.09.10 06:05:25.355,9.4133,9.41694,1.75,1.00
2015.09.10 06:05:25.507,9.4133,9.41694,1.75,1.00
2015.09.10 06:05:26.861,9.41336,9.41664,2.25,1.00
2015.09.10 06:05:27.062,9.41336,9.41664,2.25,1.00
2015.09.10 06:05:28.384,9.41332,9.41694,1.75,1.00
2015.09.10 06:05:28.487,9.41316,9.41694,2.25,1.00
2015.09.10 06:05:28.893,9.41316,9.41675,2.25,1.00
2015.09.10 06:05:29.046,9.41312,9.41675,1.12,1.00
2015.09.10 06:05:29.876,9.41312,9.41704,1.12,1.00
2015.09.10 06:05:30.029,9.41312,9.41704,1.12,1.00
2015.09.10 06:05:30.457,9.41312,9.41704,1.12,1.00
2015.09.10 06:05:30.508,9.41312,9.41664,1.12,1.00
2015.09.10 06:05:31.192,9.41325,9.41654,1.75,1.00
2015.09.10 06:05:31.898,9.4134,9.41664,1.75,1.00
2015.09.10 06:05:32.202,9.41313,9.41694,1.75,1.00
2015.09.10 06:05:32.977,9.41313,9.41694,1.75,1.00
2015.09.10 06:05:33.823,9.41313,9.41694,1.75,1.00
2015.09.10 06:05:33.874,9.41313,9.41665,1.75,1.00
2015.09.10 06:05:34.181,9.41313,9.41654,1.75,1.00
2015.09.10 06:05:35.386,9.41313,9.41664,1.75,1.00
2015.09.10 06:05:35.686,9.41313,9.41655,1.75,1.00
2015.09.10 06:05:36.706,9.41313,9.41664,1.75,1.00
2015.09.10 06:05:37.206,9.41312,9.41694,1.12,1.00
2015.09.10 06:05:37.257,9.41312,9.41694,1.12,1.00
2015.09.10 06:05:37.707,9.41311,9.41694,1.12,1.00
2015.09.10 06:05:38.382,9.41311,9.41674,1.12,1.00
2015.09.10 06:05:38.686,9.41312,9.41704,1.12,1.00
2015.09.10 06:05:39.421,9.41312,9.41664,1.12,1.00
2015.09.10 06:05:39.655,9.41312,9.41664,1.12,1.00
2015.09.10 06:05:40.429,9.41312,9.41694,1.12,1.00
2015.09.10 06:05:40.480,9.41312,9.41694,1.12,1.00
2015.09.10 06:05:41.216,9.41312,9.41664,1.12,1.00
2015.09.10 06:05:42.195,9.41312,9.41694,1.12,1.00
2015.09.10 06:05:42.247,9.41312,9.41694,1.12,1.00
2015.09.10 06:05:43.635,9.41312,9.41664,1.12,1.00
2015.09.10 06:05:43.749,9.41312,9.41664,1.12,1.00
2015.09.10 06:05:45.605,9.41312,9.41694,1.12,2.25
2015.09.10 06:05:45.921,9.41312,9.41624,1.12,1.50
2015.09.10 06:05:46.293,9.41312,9.41624,1.12,1.50
2015.09.10 06:05:46.855,9.41312,9.41614,1.12,1.50
2015.09.10 06:05:47.293,9.41312,9.41614,1.12,1.50
2015.09.10 06:05:48.270,9.41312,9.41614,1.12,1.50
2015.09.10 06:05:49.973,9.41312,9.41594,1.12,1.50
2015.09.10 06:05:50.286,9.41312,9.41594,1.12,1.50
2015.09.10 06:05:50.957,9.41312,9.41584,1.12,1.50
2015.09.10 06:05:51.336,9.41312,9.41615,1.12,1.50
2015.09.10 06:05:54.216,9.41285,9.41615,2.25,1.50
2015.09.10 06:05:54.267,9.41276,9.41604,2.25,1.50
2015.09.10 06:05:54.782,9.41276,9.41604,2.25,1.50
2015.09.10 06:05:58.202,9.41259,9.41584,1.75,1.50
2015.09.10 06:05:58.885,9.41264,9.41584,1.75,1.50
2015.09.10 06:05:58.936,9.41264,9.41584,1.75,1.50
2015.09.10 06:06:00.325,9.4122,9.41614,1.12,1.50
2015.09.10 06:06:04.234,9.41226,9.41554,2.25,1.50
2015.09.10 06:06:08.229,9.41241,9.41544,1.12,1.50
2015.09.10 06:06:11.417,9.41241,9.41524,1.12,1.50
2015.09.10 06:06:12.283,9.41241,9.41524,1.12,1.50
2015.09.10 06:06:12.486,9.41241,9.41524,1.12,1.50
2015.09.10 06:06:13.296,9.41225,9.41484,1.12,1.50
2015.09.10 06:06:14.045,9.41225,9.41484,1.12,1.50
2015.09.10 06:06:15.226,9.41225,9.41484,1.12,1.50
2015.09.10 06:06:15.432,9.41225,9.41464,1.12,1.50
2015.09.10 06:06:16.196,9.41225,9.41464,1.12,1.50
2015.09.10 06:06:16.981,9.41225,9.41464,1.12,1.50
2015.09.10 06:06:18.005,9.41225,9.41464,1.12,1.50
2015.09.10 06:06:18.307,9.41225,9.41454,1.12,1.50
2015.09.10 06:06:20.280,9.41243,9.41454,1.12,1.50
2015.09.10 06:06:22.389,9.41238,9.41454,1.12,1.50
2015.09.10 06:06:23.029,9.41195,9.41454,1.12,1.50
2015.09.10 06:06:23.080,9.41195,9.41434,1.12,1.50
2015.09.10 06:06:25.062,9.41179,9.41414,1.12,1.50
2015.09.10 06:06:25.550,9.41179,9.41414,1.12,1.50
2015.09.10 06:06:25.803,9.41179,9.41414,1.12,1.50
2015.09.10 06:06:27.525,9.41179,9.41414,1.12,1.50
2015.09.10 06:06:30.524,9.4118,9.41445,1.12,1.50
2015.09.10 06:06:32.065,9.4118,9.41424,1.12,1.50
2015.09.10 06:06:32.725,9.4118,9.41444,1.12,1.50
2015.09.10 06:06:33.521,9.4118,9.41524,1.12,1.00
2015.09.10 06:06:33.572,9.4118,9.41544,1.12,1.00
2015.09.10 06:06:33.953,9.41179,9.41514,1.12,1.00
2015.09.10 06:06:34.223,9.41179,9.41514,1.12,1.00
2015.09.10 06:06:34.274,9.41174,9.41504,1.12,1.00
2015.09.10 06:06:34.528,9.41174,9.41474,1.12,1.50
2015.09.10 06:06:37.564,9.41174,9.41464,1.12,1.50
2015.09.10 06:06:38.554,9.41175,9.41405,1.12,1.50
2015.09.10 06:06:41.353,9.41175,9.41434,1.12,1.50
2015.09.10 06:06:42.325,9.41175,9.41444,1.12,1.50
2015.09.10 06:06:44.300,9.41175,9.41394,1.12,1.50
2015.09.10 06:06:45.177,9.41174,9.41494,1.12,1.50
2015.09.10 06:06:46.515,9.41175,9.41445,1.12,1.50
2015.09.10 06:06:47.622,9.41175,9.41454,1.12,1.50
2015.09.10 06:06:47.775,9.41178,9.41454,1.12,1.50
2015.09.10 06:06:47.826,9.41178,9.41464,1.12,1.50
2015.09.10 06:06:48.029,9.41178,9.41464,1.12,1.50
2015.09.10 06:06:48.528,9.4118,9.41464,1.12,1.50
2015.09.10 06:06:48.689,9.4118,9.41394,1.12,1.50
2015.09.10 06:06:49.532,9.41134,9.41334,1.75,1.50
2015.09.10 06:06:49.795,9.41065,9.41334,1.75,1.50
2015.09.10 06:06:49.897,9.41065,9.41334,1.75,1.50
2015.09.10 06:06:49.999,9.41065,9.41334,1.00,1.50
2015.09.10 06:06:50.101,9.41016,9.41334,1.75,1.50
2015.09.10 06:06:50.474,9.41036,9.41314,1.12,1.50
2015.09.10 06:06:50.786,9.41036,9.41314,1.87,1.50
2015.09.10 06:06:56.485,9.41036,9.41304,1.12,1.50
2015.09.10 06:06:58.925,9.41036,9.41345,1.12,1.50
2015.09.10 06:06:59.229,9.41036,9.41345,1.12,1.50
2015.09.10 06:07:00.429,9.41036,9.41345,1.87,1.50
2015.09.10 06:07:00.640,9.41046,9.41345,1.75,1.50
2015.09.10 06:07:00.966,9.41036,9.41345,1.87,1.50
2015.09.10 06:07:01.136,9.41036,9.41354,1.87,1.50
2015.09.10 06:07:03.084,9.41037,9.41334,1.75,1.50
2015.09.10 06:07:04.103,9.41037,9.41294,1.75,1.50
2015.09.10 06:07:06.053,9.41036,9.41284,1.87,1.50
2015.09.10 06:07:06.784,9.41036,9.41324,1.87,1.50
2015.09.10 06:07:07.712,9.41036,9.41344,1.87,1.50
2015.09.10 06:07:08.693,9.41046,9.41324,1.75,1.50
2015.09.10 06:07:09.196,9.41038,9.41324,1.75,1.50
2015.09.10 06:07:09.684,9.41038,9.41344,1.75,1.50
2015.09.10 06:07:09.987,9.41038,9.41344,1.75,1.50
2015.09.10 06:07:12.327,9.41038,9.41424,1.75,1.50
2015.09.10 06:07:13.962,9.4107,9.41424,1.75,1.50
2015.09.10 06:07:14.350,9.41046,9.41434,1.75,1.50
2015.09.10 06:07:14.502,9.41046,9.41434,1.75,1.50
2015.09.10 06:07:15.506,9.41046,9.41434,1.75,1.50
2015.09.10 06:07:15.721,9.41088,9.41434,1.12,1.50
2015.09.10 06:07:15.937,9.41051,9.41434,1.12,1.50
2015.09.10 06:07:16.262,9.41051,9.41434,1.12,1.50
2015.09.10 06:07:16.313,9.41085,9.41415,1.50,1.50
2015.09.10 06:07:17.294,9.41058,9.41434,1.12,1.00
2015.09.10 06:07:20.362,9.41059,9.41444,1.12,1.07
2015.09.10 06:07:22.380,9.41076,9.41484,1.82,2.25
2015.09.10 06:07:22.533,9.4117,9.41484,1.12,1.57
2015.09.10 06:07:22.769,9.41175,9.41484,1.12,1.50
2015.09.10 06:07:23.186,9.41171,9.41484,1.12,1.50
2015.09.10 06:07:23.358,9.41196,9.41518,1.57,1.12
2015.09.10 06:07:23.574,9.41196,9.41513,1.57,1.82
2015.09.10 06:07:24.289,9.41196,9.41524,1.57,2.70
2015.09.10 06:07:25.881,9.41196,9.41521,1.57,1.75
2015.09.10 06:07:25.982,9.41196,9.41521,1.50,1.75
2015.09.10 06:07:26.084,9.41166,9.41494,1.50,2.25
2015.09.10 06:07:26.186,9.41166,9.41444,1.50,1.00
2015.09.10 06:07:26.535,9.41166,9.41424,1.50,1.00
2015.09.10 06:07:26.700,9.41166,9.41434,1.50,1.00
2015.09.10 06:07:35.254,9.41276,9.41494,1.00,2.25
2015.09.10 06:07:35.305,9.41276,9.41494,1.00,1.50
2015.09.10 06:07:35.516,9.41276,9.41494,1.37,1.50
2015.09.10 06:07:35.727,9.41276,9.41494,1.10,1.50
2015.09.10 06:07:35.977,9.41276,9.41494,1.75,1.50
2015.09.10 06:07:36.097,9.41286,9.41566,1.87,1.12
2015.09.10 06:07:36.713,9.41286,9.41574,2.25,1.75
2015.09.10 06:07:36.940,9.41286,9.41574,2.25,1.82
2015.09.10 06:07:37.922,9.41286,9.41574,2.25,1.82
2015.09.10 06:07:38.074,9.41286,9.41562,1.87,1.12
2015.09.10 06:07:38.176,9.41286,9.41504,1.50,1.00
2015.09.10 06:07:38.328,9.41226,9.41504,1.50,1.00
2015.09.10 06:07:38.481,9.41226,9.41484,1.50,1.00
2015.09.10 06:07:38.966,9.41226,9.41504,1.50,1.00
2015.09.10 06:07:39.067,9.41226,9.41514,1.50,1.00
2015.09.10 06:07:39.169,9.41226,9.41554,1.50,2.32
2015.09.10 06:07:39.220,9.41231,9.41554,1.00,1.57
2015.09.10 06:07:39.272,9.41231,9.41554,1.37,1.50
2015.09.10 06:07:39.323,9.41256,9.41584,1.50,1.50
2015.09.10 06:07:39.425,9.41256,9.41584,2.25,1.50
2015.09.10 06:07:39.840,9.41354,9.41734,1.37,1.00
2015.09.10 06:07:39.891,9.41354,9.41744,1.37,1.50
2015.09.10 06:07:40.651,9.41324,9.41734,1.12,1.00
2015.09.10 06:07:40.980,9.41368,9.41734,1.00,1.00
2015.09.10 06:07:41.084,9.41348,9.41734,1.75,1.00
2015.09.10 06:07:41.187,9.41344,9.41694,1.75,1.00
2015.09.10 06:07:41.584,9.41399,9.41694,1.00,1.00
2015.09.10 06:07:41.685,9.41379,9.41704,1.00,1.00
2015.09.10 06:07:41.736,9.41369,9.41704,1.00,1.00
2015.09.10 06:07:42.002,9.41404,9.41704,1.00,1.00
2015.09.10 06:07:42.206,9.41372,9.41744,1.00,1.00
2015.09.10 06:07:42.858,9.41372,9.41744,1.75,1.00
2015.09.10 06:07:43.182,9.41372,9.41735,1.75,1.00
2015.09.10 06:07:43.384,9.41372,9.41744,1.75,1.00
2015.09.10 06:07:43.435,9.4141,9.41744,1.00,1.00
2015.09.10 06:07:43.588,9.4139,9.41744,1.00,1.00
2015.09.10 06:07:43.639,9.41383,9.41744,1.00,1.00
2015.09.10 06:07:43.690,9.41385,9.41714,1.00,1.00
2015.09.10 06:07:44.025,9.41429,9.41714,1.00,1.00
2015.09.10 06:07:44.414,9.41381,9.41714,1.75,1.00
2015.09.10 06:07:44.465,9.41381,9.41714,1.00,1.00
2015.09.10 06:07:44.668,9.41381,9.41734,1.00,1.00
2015.09.10 06:07:44.884,9.41381,9.41744,1.00,1.00
2015.09.10 06:07:45.927,9.4138,9.41694,1.00,1.00
2015.09.10 06:07:46.245,9.4138,9.41694,1.75,1.00
2015.09.10 06:07:46.669,9.4138,9.41714,1.75,1.00
2015.09.10 06:07:46.720,9.41429,9.41714,1.00,1.00
2015.09.10 06:07:46.872,9.41429,9.41734,1.00,1.00
2015.09.10 06:07:47.097,9.41409,9.41734,1.00,1.00
2015.09.10 06:07:47.148,9.41381,9.41734,1.75,1.00
2015.09.10 06:07:47.408,9.41436,9.41734,1.00,1.00
2015.09.10 06:07:47.611,9.41416,9.41734,1.00,1.00
2015.09.10 06:07:47.663,9.41402,9.41734,1.00,1.00
2015.09.10 06:07:47.715,9.41382,9.41734,1.75,1.00
2015.09.10 06:07:48.184,9.41374,9.41744,1.75,1.00
2015.09.10 06:07:48.452,9.41374,9.41744,1.00,1.00
2015.09.10 06:07:48.845,9.41374,9.41724,1.00,1.00
2015.09.10 06:07:49.184,9.41406,9.41724,1.00,1.00
2015.09.10 06:07:49.235,9.41375,9.41724,1.00,1.00
2015.09.10 06:07:49.302,9.41419,9.41724,1.00,1.00
2015.09.10 06:07:49.708,9.41399,9.41734,1.00,1.00
2015.09.10 06:07:49.760,9.41384,9.41734,1.00,1.00
2015.09.10 06:07:49.912,9.41384,9.41744,1.00,1.00
2015.09.10 06:07:51.107,9.41381,9.41744,1.00,1.00
2015.09.10 06:07:51.310,9.41411,9.41744,1.00,1.00
2015.09.10 06:07:51.923,9.41391,9.41744,1.00,1.00
2015.09.10 06:07:51.974,9.41377,9.41744,1.00,1.00
2015.09.10 06:07:52.592,9.41377,9.41745,1.00,1.00
2015.09.10 06:07:52.763,9.41425,9.41744,1.00,1.00
2015.09.10 06:07:53.120,9.41405,9.41744,1.00,1.00
2015.09.10 06:07:53.171,9.41399,9.41744,1.00,1.00
2015.09.10 06:07:53.222,9.41399,9.41735,1.00,1.00
2015.09.10 06:07:53.430,9.41399,9.41754,1.00,2.25
2015.09.10 06:07:53.806,9.41399,9.41694,1.00,1.50
2015.09.10 06:07:54.517,9.41434,9.41694,1.00,1.50
2015.09.10 06:07:54.822,9.41421,9.41734,1.00,1.00
2015.09.10 06:07:54.873,9.41403,9.41734,1.00,1.00
2015.09.10 06:07:55.895,9.41403,9.41684,1.00,1.50
2015.09.10 06:07:55.998,9.41403,9.41734,1.00,1.00
2015.09.10 06:07:56.213,9.41403,9.41744,1.00,1.00
2015.09.10 06:07:56.264,9.41379,9.41744,1.12,1.00
2015.09.10 06:07:56.322,9.41418,9.41744,1.00,1.00
2015.09.10 06:07:56.424,9.41398,9.41734,1.00,1.00
2015.09.10 06:07:56.476,9.41385,9.41734,1.07,1.00
2015.09.10 06:07:56.685,9.41385,9.41734,1.00,1.00
2015.09.10 06:07:56.736,9.41385,9.41744,1.00,1.00
2015.09.10 06:07:57.267,9.41385,9.41764,1.00,1.00
2015.09.10 06:07:57.844,9.41412,9.41764,1.00,1.00
2015.09.10 06:07:57.951,9.41378,9.41764,1.00,1.00
2015.09.10 06:07:59.228,9.41428,9.41764,1.00,1.00
2015.09.10 06:07:59.381,9.41393,9.41744,1.00,1.50
2015.09.10 06:08:00.632,9.41387,9.41744,1.00,1.00
2015.09.10 06:08:00.917,9.41406,9.41754,1.50,1.00
2015.09.10 06:08:01.273,9.41362,9.41754,1.75,1.00
2015.09.10 06:08:01.426,9.41361,9.41754,1.12,1.00
2015.09.10 06:08:02.738,9.41374,9.41754,1.00,1.00
2015.09.10 06:08:03.039,9.41361,9.41754,1.12,1.00
2015.09.10 06:08:05.380,9.41371,9.41754,1.37,1.00
2015.09.10 06:08:05.933,9.41363,9.41735,1.12,1.00
2015.09.10 06:08:06.154,9.41363,9.41744,1.12,1.00
2015.09.10 06:08:06.358,9.41399,9.41744,1.00,1.00
2015.09.10 06:08:06.662,9.41408,9.41764,1.37,1.00
2015.09.10 06:08:06.997,9.41463,9.41764,1.00,1.00
2015.09.10 06:08:07.048,9.41442,9.41764,1.00,1.00
2015.09.10 06:08:07.452,9.41393,9.41764,1.75,1.00
2015.09.10 06:08:07.848,9.41467,9.41764,1.00,1.00
2015.09.10 06:08:08.053,9.41447,9.41764,1.00,1.00
2015.09.10 06:08:08.105,9.41406,9.41764,1.75,1.00
2015.09.10 06:08:08.608,9.41465,9.41764,1.00,1.00
2015.09.10 06:08:08.659,9.4145,9.41764,1.00,1.00
2015.09.10 06:08:08.761,9.41446,9.41764,1.00,1.00
2015.09.10 06:08:08.863,9.41426,9.41764,1.07,1.00
2015.09.10 06:08:09.299,9.41466,9.41764,1.00,1.00
2015.09.10 06:08:09.401,9.41399,9.41764,1.75,1.00
2015.09.10 06:08:10.292,9.41446,9.41764,1.50,1.00
2015.09.10 06:08:10.755,9.41466,9.41764,1.00,1.00
2015.09.10 06:08:11.176,9.41446,9.41764,1.50,1.00
2015.09.10 06:08:11.282,9.41402,9.41764,1.75,1.00
2015.09.10 06:08:11.493,9.41466,9.41764,1.00,1.00
2015.09.10 06:08:11.659,9.41447,9.41764,1.00,1.00
2015.09.10 06:08:11.710,9.41395,9.41764,1.75,1.00
2015.09.10 06:08:12.060,9.41465,9.41764,1.00,1.00
2015.09.10 06:08:12.365,9.41475,9.41744,1.50,1.00
2015.09.10 06:08:12.864,9.41385,9.41744,1.37,1.00
2015.09.10 06:08:17.534,9.4144,9.41744,1.00,1.00
2015.09.10 06:08:17.688,9.41437,9.41764,1.00,1.00
2015.09.10 06:08:18.315,9.41466,9.41764,1.00,1.00
2015.09.10 06:08:18.366,9.41447,9.41764,1.00,1.00
2015.09.10 06:08:18.417,9.41395,9.41764,1.75,1.00
2015.09.10 06:08:19.199,9.41463,9.41764,1.00,1.00
2015.09.10 06:08:19.303,9.4145,9.41765,1.00,1.00
2015.09.10 06:08:19.405,9.41402,9.41764,1.75,1.00
2015.09.10 06:08:20.613,9.41458,9.41764,1.00,1.00
2015.09.10 06:08:20.770,9.41438,9.41764,1.00,1.00
2015.09.10 06:08:20.821,9.41398,9.41764,1.75,1.00
2015.09.10 06:08:20.872,9.41456,9.41764,1.50,1.00
2015.09.10 06:08:21.178,9.41458,9.41764,1.00,1.00
2015.09.10 06:08:21.280,9.41456,9.41764,1.50,1.00
2015.09.10 06:08:21.776,9.41406,9.41765,1.75,1.00
2015.09.10 06:08:21.928,9.4146,9.41764,1.00,1.00
2015.09.10 06:08:22.030,9.41435,9.41764,1.00,1.00
2015.09.10 06:08:22.081,9.41415,9.41764,1.37,1.00
2015.09.10 06:08:22.183,9.41447,9.41764,1.00,1.00
2015.09.10 06:08:22.387,9.41427,9.41784,1.07,1.00
2015.09.10 06:08:23.409,9.41399,9.41785,1.75,1.00
2015.09.10 06:08:24.189,9.41449,9.41785,1.00,1.00
2015.09.10 06:08:24.290,9.4143,9.41785,1.07,1.00
2015.09.10 06:08:24.392,9.41505,9.41784,1.00,1.00
2015.09.10 06:08:24.494,9.41484,9.41784,1.00,1.00
2015.09.10 06:08:24.545,9.41406,9.41784,1.75,1.00
2015.09.10 06:08:24.647,9.41401,9.41784,1.00,1.00
2015.09.10 06:08:24.698,9.41401,9.41764,1.00,1.00
2015.09.10 06:08:25.144,9.41403,9.41764,1.00,1.00
2015.09.10 06:08:25.448,9.41419,9.41785,1.37,1.00
2015.09.10 06:08:26.498,9.41459,9.41785,1.00,1.00
2015.09.10 06:08:26.751,9.41419,9.41785,1.37,1.00
2015.09.10 06:08:26.904,9.41396,9.41754,2.25,1.00
2015.09.10 06:08:26.955,9.41396,9.41754,1.50,1.00
2015.09.10 06:08:27.482,9.41426,9.41784,1.07,1.00
2015.09.10 06:08:28.035,9.41473,9.41784,1.00,1.00
2015.09.10 06:08:28.137,9.41461,9.41784,1.00,1.00
2015.09.10 06:08:28.238,9.41409,9.41784,1.37,1.00
2015.09.10 06:08:28.702,9.41472,9.41784,1.00,1.00
2015.09.10 06:08:29.048,9.41465,9.41784,1.00,1.00
2015.09.10 06:08:29.099,9.41465,9.41754,1.00,1.00
2015.09.10 06:08:29.151,9.41417,9.41754,1.00,1.00
2015.09.10 06:08:29.252,9.41386,9.41754,1.87,1.00
2015.09.10 06:08:29.303,9.41409,9.41754,1.00,1.00
2015.09.10 06:08:29.644,9.41415,9.41754,1.00,1.00
2015.09.10 06:08:30.304,9.4142,9.41774,1.37,1.00
2015.09.10 06:08:30.726,9.41474,9.41774,1.00,1.00
2015.09.10 06:08:30.827,9.4144,9.41775,1.00,1.00
2015.09.10 06:08:30.929,9.4144,9.41754,1.00,1.00
2015.09.10 06:08:31.629,9.41489,9.41754,1.00,1.00
2015.09.10 06:08:31.708,9.41469,9.41754,1.00,1.00
2015.09.10 06:08:31.760,9.41444,9.41754,1.00,1.00
2015.09.10 06:08:32.013,9.41479,9.41754,1.00,1.00
2015.09.10 06:08:32.114,9.41441,9.41754,1.00,1.00
2015.09.10 06:08:32.216,9.41443,9.41754,1.00,1.00
2015.09.10 06:08:33.722,9.41476,9.41754,1.50,1.00
2015.09.10 06:08:36.806,9.41466,9.41754,1.50,1.00
2015.09.10 06:08:37.813,9.41436,9.41754,1.50,1.00
2015.09.10 06:08:38.818,9.41373,9.41754,1.12,1.00
2015.09.10 06:08:38.869,9.41373,9.41734,1.12,1.00
2015.09.10 06:08:38.920,9.41351,9.41734,1.12,1.00
2015.09.10 06:08:39.180,9.41326,9.41764,2.25,1.00
2015.09.10 06:08:39.543,9.41326,9.41754,2.62,1.00
2015.09.10 06:08:39.873,9.41351,9.41754,1.12,1.00
2015.09.10 06:08:40.378,9.41351,9.41764,1.12,1.00
2015.09.10 06:08:40.592,9.41356,9.41764,1.12,1.00
2015.09.10 06:08:41.485,9.41361,9.41764,1.12,1.00
2015.09.10 06:08:42.078,9.41376,9.41754,2.25,1.00
2015.09.10 06:08:42.180,9.41376,9.41764,2.25,1.00
2015.09.10 06:08:42.231,9.41381,9.41764,1.12,1.00
2015.09.10 06:08:42.914,9.41381,9.41755,1.12,1.00
2015.09.10 06:08:43.260,9.41381,9.41764,1.12,1.00
2015.09.10 06:08:43.311,9.41376,9.41764,2.25,1.00
2015.09.10 06:08:43.684,9.41376,9.41754,2.25,1.00
2015.09.10 06:08:44.017,9.41395,9.41754,1.50,1.00
2015.09.10 06:08:44.709,9.41395,9.41744,1.50,1.00
2015.09.10 06:08:45.181,9.41395,9.41754,1.50,1.00
2015.09.10 06:08:46.264,9.41399,9.41754,1.00,1.00
2015.09.10 06:08:46.366,9.41395,9.41754,1.50,1.00
2015.09.10 06:08:46.934,9.41395,9.41744,1.50,1.00
2015.09.10 06:08:48.804,9.41395,9.41754,1.50,1.00
2015.09.10 06:08:49.220,9.41395,9.41774,1.50,1.00
2015.09.10 06:08:49.913,9.41406,9.41774,1.50,1.00
2015.09.10 06:08:51.454,9.41406,9.41764,1.57,1.00
2015.09.10 06:08:52.124,9.41386,9.41774,1.87,1.00
2015.09.10 06:08:52.451,9.41386,9.41764,1.50,1.00
2015.09.10 06:08:52.885,9.41386,9.41764,2.25,1.00
2015.09.10 06:08:54.908,9.41386,9.41774,2.25,1.00
2015.09.10 06:08:55.489,9.41386,9.41765,2.25,1.00
2015.09.10 06:08:55.914,9.41381,9.41775,1.12,1.00
2015.09.10 06:08:56.914,9.41381,9.41765,1.12,1.00
2015.09.10 06:08:57.218,9.41376,9.41765,2.25,1.00
2015.09.10 06:08:57.645,9.41381,9.41782,1.12,1.00
2015.09.10 06:08:58.666,9.41381,9.41764,1.12,1.00
2015.09.10 06:08:59.255,9.41376,9.41764,2.25,1.00
2015.09.10 06:08:59.630,9.41376,9.41774,2.25,1.00
2015.09.10 06:08:59.732,9.41381,9.41774,1.12,1.00
2015.09.10 06:09:00.832,9.41381,9.41764,1.12,1.50
2015.09.10 06:09:01.183,9.41381,9.41754,1.12,1.00
2015.09.10 06:09:02.173,9.41361,9.41754,1.12,2.25
2015.09.10 06:09:02.274,9.41393,9.41754,1.00,2.25
2015.09.10 06:09:02.882,9.41361,9.41754,1.12,1.00
2015.09.10 06:09:02.934,9.41361,9.41704,1.12,1.00
2015.09.10 06:09:03.479,9.41361,9.41734,1.12,1.00
2015.09.10 06:09:03.702,9.41381,9.41734,1.12,1.00
2015.09.10 06:09:03.974,9.41381,9.41744,1.12,1.00
2015.09.10 06:09:04.267,9.41351,9.41744,1.75,1.75
2015.09.10 06:09:05.258,9.41351,9.41744,1.75,1.75
2015.09.10 06:09:05.913,9.41382,9.41744,1.00,1.75
2015.09.10 06:09:05.964,9.41382,9.41744,1.00,1.75
2015.09.10 06:09:06.016,9.41356,9.41744,1.87,1.75
2015.09.10 06:09:06.465,9.41356,9.41744,1.87,1.75
2015.09.10 06:09:06.618,9.41376,9.41744,1.50,1.75
2015.09.10 06:09:07.044,9.41376,9.41734,2.25,1.75
2015.09.10 06:09:07.661,9.41366,9.41634,1.00,1.00
2015.09.10 06:09:07.712,9.41336,9.41634,1.87,1.00
2015.09.10 06:09:08.180,9.41336,9.41604,1.50,1.00
2015.09.10 06:09:08.489,9.41336,9.41634,1.57,1.00
2015.09.10 06:09:08.743,9.41336,9.41634,1.57,1.37
2015.09.10 06:09:08.914,9.41336,9.41634,1.57,1.00
2015.09.10 06:09:08.965,9.41336,9.41624,1.57,1.00
2015.09.10 06:09:09.173,9.41336,9.41634,1.57,1.00
2015.09.10 06:09:09.224,9.41336,9.41634,1.57,1.75
2015.09.10 06:09:09.582,9.41326,9.41604,1.50,1.00
2015.09.10 06:09:09.684,9.41326,9.41614,1.50,1.00
2015.09.10 06:09:10.572,9.41296,9.41614,1.50,1.00
2015.09.10 06:09:10.623,9.41296,9.41614,1.50,1.50
2015.09.10 06:09:10.911,9.41296,9.41614,1.50,1.00
2015.09.10 06:09:11.479,9.41336,9.41614,1.50,1.00
2015.09.10 06:09:12.174,9.41336,9.41634,1.50,1.75
2015.09.10 06:09:12.627,9.41336,9.41634,1.50,1.75
2015.09.10 06:09:13.581,9.41316,9.41634,1.50,1.75
2015.09.10 06:09:13.632,9.41316,9.41634,1.50,1.75
2015.09.10 06:09:13.900,9.41316,9.41634,1.50,1.00
2015.09.10 06:09:14.121,9.41316,9.41634,1.50,1.75
2015.09.10 06:09:14.434,9.41316,9.41634,1.50,1.00
2015.09.10 06:09:14.536,9.41326,9.41634,1.50,1.00
2015.09.10 06:09:14.840,9.41326,9.41534,1.50,1.75
2015.09.10 06:09:15.278,9.41326,9.41504,1.50,1.50
2015.09.10 06:09:15.433,9.41326,9.41509,1.50,1.12
2015.09.10 06:09:15.535,9.41246,9.41509,1.50,1.12
2015.09.10 06:09:15.739,9.41246,9.41503,1.50,1.12
2015.09.10 06:09:15.841,9.41246,9.41511,1.50,1.12
2015.09.10 06:09:16.058,9.41246,9.41503,1.50,1.12
2015.09.10 06:09:16.367,9.41246,9.41503,1.50,1.12
2015.09.10 06:09:19.942,9.41246,9.41488,1.50,1.12
2015.09.10 06:09:20.272,9.41246,9.41483,1.50,1.12
2015.09.10 06:09:35.891,9.41246,9.41475,1.50,1.07
2015.09.10 06:09:37.892,9.41246,9.41475,1.50,1.75
2015.09.10 06:09:38.511,9.41176,9.41454,2.08,1.07
2015.09.10 06:09:41.455,9.41186,9.41454,2.02,1.00
2015.09.10 06:09:41.506,9.41186,9.41474,2.09,1.00
2015.09.10 06:09:42.148,9.41186,9.41464,2.11,1.00
2015.09.10 06:09:42.452,9.41186,9.41474,2.03,1.00
2015.09.10 06:09:42.981,9.41246,9.41474,1.50,1.00
2015.09.10 06:09:43.349,9.41246,9.41464,1.50,1.00
2015.09.10 06:09:46.638,9.41246,9.41484,1.50,1.10
2015.09.10 06:09:53.274,9.41246,9.41484,1.50,1.47
2015.09.10 06:10:01.889,9.41246,9.41474,1.50,1.00
2015.09.10 06:10:02.209,9.41246,9.41474,1.50,1.50
2015.09.10 06:10:02.585,9.41246,9.41474,1.50,1.87
2015.09.10 06:10:02.896,9.41236,9.41465,1.50,1.12
2015.09.10 06:10:02.998,9.41236,9.41464,1.50,1.12
2015.09.10 06:10:03.499,9.41236,9.41454,1.50,1.12
2015.09.10 06:10:04.170,9.41236,9.41462,1.50,1.12
2015.09.10 06:10:04.406,9.41236,9.41451,1.50,1.12
2015.09.10 06:10:07.165,9.41176,9.41428,1.50,1.12
2015.09.10 06:10:07.267,9.41085,9.4142,1.50,1.12
2015.09.10 06:10:07.368,9.41085,9.41419,1.50,1.12
2015.09.10 06:10:07.847,9.41085,9.41377,1.50,1.12
2015.09.10 06:10:08.171,9.41085,9.41387,1.50,1.75
2015.09.10 06:10:08.222,9.41076,9.41387,1.00,1.75
2015.09.10 06:10:08.273,9.41076,9.41387,1.00,1.75
2015.09.10 06:10:08.324,9.41066,9.41387,1.00,1.75
2015.09.10 06:10:08.375,9.41066,9.41387,1.00,1.75
2015.09.10 06:10:09.061,9.41076,9.41387,1.00,1.75
2015.09.10 06:10:10.471,9.41096,9.4139,1.00,1.75
2015.09.10 06:10:10.528,9.41076,9.4139,1.00,1.75
2015.09.10 06:10:10.971,9.41076,9.41364,1.00,1.00
2015.09.10 06:10:12.391,9.41066,9.4139,1.00,1.75
2015.09.10 06:10:12.776,9.41066,9.4139,1.00,1.75
2015.09.10 06:10:13.129,9.41076,9.4139,1.00,1.75
2015.09.10 06:10:13.368,9.41066,9.4139,1.00,1.75
2015.09.10 06:10:14.296,9.41066,9.4139,1.00,1.50
2015.09.10 06:10:14.398,9.41066,9.41367,1.00,1.75
2015.09.10 06:10:16.335,9.41056,9.41371,1.00,1.75
2015.09.10 06:10:16.437,9.41056,9.41371,1.00,1.75
2015.09.10 06:10:16.750,9.41066,9.4138,1.00,1.75
2015.09.10 06:10:17.437,9.41066,9.4138,1.00,1.75
2015.09.10 06:10:18.639,9.41066,9.41386,1.00,1.75
2015.09.10 06:10:18.693,9.41076,9.41386,1.00,1.75
2015.09.10 06:10:19.010,9.41066,9.41375,1.00,1.75
2015.09.10 06:10:20.460,9.41066,9.41375,1.00,1.75
2015.09.10 06:10:21.058,9.41076,9.41366,1.00,1.75
2015.09.10 06:10:21.261,9.41076,9.41389,1.00,1.87
2015.09.10 06:10:21.869,9.41066,9.41389,1.00,1.75
2015.09.10 06:10:22.629,9.41066,9.41389,1.00,1.75
2015.09.10 06:10:22.681,9.41076,9.41389,1.00,1.75
2015.09.10 06:10:23.137,9.41056,9.4139,1.00,1.75
2015.09.10 06:10:23.373,9.41056,9.4139,1.00,1.75
2015.09.10 06:10:23.576,9.41138,9.4139,1.00,1.75
2015.09.10 06:10:23.631,9.41116,9.4139,1.00,1.75
2015.09.10 06:10:23.683,9.41272,9.4139,10.88,1.75
2015.09.10 06:10:23.734,9.41375,9.41499,1.00,1.82
2015.09.10 06:10:23.785,9.41282,9.41462,1.00,1.12
2015.09.10 06:10:23.836,9.41265,9.41444,1.76,1.12
2015.09.10 06:10:23.887,9.41246,9.41464,1.50,1.82
2015.09.10 06:10:23.938,9.41246,9.41464,1.50,1.82
2015.09.10 06:10:23.990,9.41216,9.41464,1.50,1.82
2015.09.10 06:10:24.176,9.41216,9.4143,1.50,1.12
2015.09.10 06:10:24.227,9.41216,9.41449,1.50,1.75
2015.09.10 06:10:24.735,9.41176,9.41434,1.50,1.75
2015.09.10 06:10:24.939,9.41136,9.41432,1.00,1.75
2015.09.10 06:10:25.196,9.41096,9.41409,1.11,1.07
2015.09.10 06:10:25.478,9.41096,9.41409,1.11,1.82
2015.09.10 06:10:26.144,9.41096,9.41395,1.11,1.82
2015.09.10 06:10:27.244,9.41096,9.41373,1.11,1.75
2015.09.10 06:10:27.620,9.41136,9.41382,1.00,1.75
2015.09.10 06:10:27.671,9.41096,9.41386,1.11,1.75
2015.09.10 06:10:27.773,9.41096,9.41386,1.11,1.75
2015.09.10 06:10:27.874,9.41096,9.41386,1.11,1.75
2015.09.10 06:10:28.680,9.41096,9.41386,1.11,1.75
2015.09.10 06:10:28.942,9.41096,9.414,1.11,1.82
2015.09.10 06:10:29.453,9.41096,9.41371,1.11,1.75
2015.09.10 06:10:29.556,9.41096,9.41371,1.00,1.75
2015.09.10 06:10:29.607,9.41196,9.41397,1.00,1.82
2015.09.10 06:10:29.658,9.41196,9.41397,1.75,1.07
2015.09.10 06:10:29.709,9.41276,9.41434,1.00,2.25
2015.09.10 06:10:29.862,9.41276,9.41451,1.50,1.12
2015.09.10 06:10:29.913,9.41216,9.41451,1.50,1.12
2015.09.10 06:10:30.084,9.41186,9.41451,1.50,1.12
2015.09.10 06:10:30.135,9.41106,9.41447,1.00,1.12
2015.09.10 06:10:30.187,9.41106,9.41404,1.00,1.12
2015.09.10 06:10:30.491,9.41095,9.41433,1.08,1.75
2015.09.10 06:10:31.435,9.41095,9.41413,1.11,1.37
2015.09.10 06:10:31.486,9.41095,9.41404,1.11,1.12
2015.09.10 06:10:31.664,9.41095,9.41404,1.08,1.12
2015.09.10 06:10:32.067,9.41095,9.41404,1.08,1.12
2015.09.10 06:10:32.168,9.41095,9.41404,1.08,1.12
2015.09.10 06:10:32.791,9.41095,9.4139,1.08,1.75
2015.09.10 06:10:33.686,9.41095,9.41389,1.08,1.75
2015.09.10 06:10:34.189,9.41086,9.41389,1.08,1.75
2015.09.10 06:10:34.391,9.41086,9.41389,1.08,1.75
2015.09.10 06:10:34.493,9.41086,9.41422,1.08,1.75
2015.09.10 06:10:35.073,9.41086,9.41424,1.08,1.75
2015.09.10 06:10:35.598,9.41086,9.41424,1.08,1.75
2015.09.10 06:10:36.169,9.41126,9.41424,1.00,1.75
2015.09.10 06:10:36.390,9.41086,9.41424,1.08,1.75
2015.09.10 06:10:37.247,9.41086,9.41424,1.08,1.75
2015.09.10 06:10:37.676,9.41086,9.41424,1.08,1.75
2015.09.10 06:10:37.924,9.41086,9.41424,1.83,1.75
2015.09.10 06:10:38.026,9.41086,9.41423,1.08,1.75
2015.09.10 06:10:38.554,9.41086,9.41423,1.08,1.75
2015.09.10 06:10:38.605,9.41086,9.41423,1.08,1.75
2015.09.10 06:10:39.146,9.41086,9.41398,1.08,1.75
2015.09.10 06:10:39.197,9.41126,9.41398,1.00,1.75
2015.09.10 06:10:39.299,9.41086,9.41398,1.08,1.75
2015.09.10 06:10:39.401,9.41086,9.41398,1.08,1.75
2015.09.10 06:10:39.505,9.41086,9.41398,1.08,1.75
2015.09.10 06:10:39.606,9.41086,9.41398,1.08,1.75
2015.09.10 06:10:40.321,9.41086,9.41405,1.08,1.75
2015.09.10 06:10:41.306,9.41086,9.41405,1.08,1.75
2015.09.10 06:10:41.358,9.41086,9.41378,1.08,1.75
2015.09.10 06:10:41.409,9.41086,9.41378,1.08,1.75
2015.09.10 06:10:41.613,9.41086,9.41412,1.83,1.75
2015.09.10 06:10:41.715,9.41126,9.41412,1.00,1.75
2015.09.10 06:10:41.817,9.41086,9.41397,1.08,1.75
2015.09.10 06:10:42.327,9.41086,9.41397,1.08,1.75
2015.09.10 06:10:42.429,9.41086,9.41397,1.08,1.75
2015.09.10 06:10:42.839,9.41086,9.41397,1.08,1.75
2015.09.10 06:10:42.890,9.41116,9.41397,1.00,1.75
2015.09.10 06:10:42.991,9.41086,9.41397,1.08,1.75
2015.09.10 06:10:46.416,9.41136,9.41389,1.00,1.75
2015.09.10 06:10:46.518,9.41096,9.41389,1.00,1.75
2015.09.10 06:10:46.873,9.41096,9.41389,1.11,1.75
2015.09.10 06:10:48.848,9.41096,9.41415,1.11,1.75
2015.09.10 06:10:48.952,9.41096,9.41473,1.11,1.85
2015.09.10 06:10:49.053,9.41096,9.41419,1.11,1.75
2015.09.10 06:10:49.155,9.41096,9.41444,1.11,1.75
2015.09.10 06:10:49.689,9.41096,9.41418,1.11,1.75
2015.09.10 06:10:50.459,9.41096,9.4142,1.11,1.75
2015.09.10 06:10:51.068,9.41096,9.41446,1.11,1.75
2015.09.10 06:10:51.460,9.41096,9.41481,1.11,1.82
2015.09.10 06:10:54.399,9.41096,9.41425,1.11,1.75
2015.09.10 06:10:54.898,9.41096,9.41425,1.11,1.75
2015.09.10 06:10:55.000,9.41096,9.41406,1.11,1.75
2015.09.10 06:10:55.676,9.41096,9.41406,1.11,1.75
2015.09.10 06:10:55.968,9.41096,9.41406,1.11,1.75
2015.09.10 06:10:56.277,9.41096,9.41406,1.11,1.75
2015.09.10 06:10:56.481,9.41096,9.41406,1.00,1.75
2015.09.10 06:10:56.903,9.41096,9.41406,1.11,1.75
2015.09.10 06:10:57.686,9.41096,9.41406,1.11,1.00
2015.09.10 06:10:57.874,9.41096,9.4146,1.11,1.00
2015.09.10 06:10:57.977,9.41096,9.41436,1.11,1.00
2015.09.10 06:10:58.282,9.41096,9.41412,1.11,1.00
2015.09.10 06:10:58.921,9.41106,9.41412,1.75,1.00
2015.09.10 06:10:59.023,9.41106,9.41428,1.00,1.00
2015.09.10 06:10:59.125,9.41096,9.41428,1.11,1.00
2015.09.10 06:10:59.583,9.41106,9.41428,1.00,1.00
2015.09.10 06:11:00.093,9.41106,9.41428,1.75,1.00
2015.09.10 06:11:00.246,9.41106,9.41485,1.00,2.32
2015.09.10 06:11:00.297,9.41106,9.41439,1.00,1.00
2015.09.10 06:11:00.958,9.41106,9.4147,1.00,1.00
2015.09.10 06:11:01.399,9.41106,9.4147,1.75,1.00
2015.09.10 06:11:01.500,9.41106,9.41466,1.00,1.00
2015.09.10 06:11:01.700,9.41106,9.41438,1.00,1.00
2015.09.10 06:11:02.303,9.41106,9.41462,1.00,1.12
2015.09.10 06:11:02.405,9.41106,9.41437,1.00,1.00
2015.09.10 06:11:03.341,9.41106,9.41437,1.00,1.07
2015.09.10 06:11:03.727,9.41106,9.41437,1.00,1.00
2015.09.10 06:11:04.011,9.41106,9.41417,1.00,1.00
2015.09.10 06:11:05.166,9.41146,9.41417,1.00,1.00
2015.09.10 06:11:05.217,9.41146,9.41462,1.00,1.12
2015.09.10 06:11:05.268,9.41106,9.41462,1.00,1.12
2015.09.10 06:11:05.319,9.41106,9.41417,1.00,1.00
2015.09.10 06:11:05.741,9.41106,9.41426,1.00,1.00
2015.09.10 06:11:06.171,9.41096,9.41426,1.11,1.00
2015.09.10 06:11:06.272,9.41096,9.41452,1.11,1.00
2015.09.10 06:11:06.323,9.41096,9.41426,1.11,1.00
2015.09.10 06:11:07.418,9.41096,9.41474,1.11,2.25
2015.09.10 06:11:07.470,9.41096,9.41474,1.11,2.25
2015.09.10 06:11:07.521,9.41096,9.41435,1.11,1.00
2015.09.10 06:11:07.725,9.41096,9.41464,1.11,1.37
2015.09.10 06:11:08.328,9.41096,9.41431,1.11,1.00
2015.09.10 06:11:08.632,9.41096,9.41434,1.11,1.00
2015.09.10 06:11:09.138,9.41096,9.41434,1.11,1.07
2015.09.10 06:11:09.391,9.41146,9.41434,1.00,1.00
2015.09.10 06:11:09.493,9.41096,9.41434,1.11,1.00
2015.09.10 06:11:10.135,9.41096,9.41434,1.11,1.07
2015.09.10 06:11:10.468,9.41096,9.41434,1.11,1.00
2015.09.10 06:11:10.637,9.41096,9.41434,1.86,1.00
2015.09.10 06:11:10.789,9.41096,9.4144,1.00,1.07
2015.09.10 06:11:10.840,9.41096,9.41413,1.00,1.00
2015.09.10 06:11:11.363,9.41096,9.41438,1.11,1.10
2015.09.10 06:11:11.893,9.41146,9.41438,1.00,1.10
2015.09.10 06:11:12.205,9.41106,9.41372,1.00,1.00
2015.09.10 06:11:12.258,9.41106,9.41405,1.00,1.00
2015.09.10 06:11:12.360,9.41106,9.4143,1.00,1.00
2015.09.10 06:11:12.537,9.41106,9.4143,1.75,1.00
2015.09.10 06:11:12.885,9.41256,9.41457,1.50,1.37
2015.09.10 06:11:12.988,9.41256,9.41477,1.50,1.07
2015.09.10 06:11:13.352,9.41206,9.41491,1.50,1.37
2015.09.10 06:11:13.644,9.41136,9.41464,1.50,1.50
2015.09.10 06:11:13.695,9.41106,9.41468,1.00,1.00
2015.09.10 06:11:13.746,9.41166,9.41468,1.00,1.00
2015.09.10 06:11:13.800,9.41106,9.41468,1.00,1.00
2015.09.10 06:11:13.852,9.41106,9.41468,1.00,1.37
2015.09.10 06:11:14.190,9.41116,9.41468,1.00,1.75
2015.09.10 06:11:14.704,9.41116,9.41344,1.00,1.50
2015.09.10 06:11:14.755,9.41105,9.41344,1.00,1.50
2015.09.10 06:11:14.807,9.41105,9.41434,1.00,1.57
2015.09.10 06:11:14.922,9.41166,9.41434,1.00,1.57
2015.09.10 06:11:15.024,9.41105,9.41434,1.00,2.25
2015.09.10 06:11:15.549,9.41106,9.41434,1.00,2.25
2015.09.10 06:11:15.751,9.41106,9.41434,1.00,1.87
2015.09.10 06:11:15.802,9.41106,9.41304,1.00,1.50
2015.09.10 06:11:15.954,9.41096,9.41304,1.00,1.50
2015.09.10 06:11:16.344,9.41106,9.41304,1.00,1.50
2015.09.10 06:11:16.445,9.41106,9.41374,1.00,1.50
2015.09.10 06:11:16.649,9.41106,9.41417,1.00,1.00
2015.09.10 06:11:16.809,9.41116,9.41417,1.00,1.10
2015.09.10 06:11:17.196,9.41116,9.41442,1.00,1.07
2015.09.10 06:11:18.632,9.41165,9.41442,1.00,1.07
2015.09.10 06:11:18.734,9.41116,9.41442,1.00,1.00
2015.09.10 06:11:18.937,9.41106,9.41442,1.00,1.00
2015.09.10 06:11:18.988,9.41106,9.41462,1.00,1.07
2015.09.10 06:11:19.239,9.41106,9.41476,1.00,1.75
2015.09.10 06:11:19.677,9.41106,9.41476,1.00,1.37
2015.09.10 06:11:19.931,9.41106,9.41452,1.00,1.07
2015.09.10 06:11:20.463,9.41106,9.41456,1.00,1.37
2015.09.10 06:11:20.717,9.41116,9.41475,1.00,1.37
2015.09.10 06:11:20.768,9.41116,9.41449,1.00,1.00
2015.09.10 06:11:23.879,9.41116,9.41449,1.00,1.37
2015.09.10 06:11:23.981,9.41116,9.41449,1.00,1.00
2015.09.10 06:11:24.088,9.41116,9.41449,1.00,1.07
2015.09.10 06:11:24.530,9.41116,9.41449,1.00,1.00
2015.09.10 06:11:24.581,9.41116,9.41469,1.00,1.07
2015.09.10 06:11:24.849,9.41106,9.41478,1.00,1.37
2015.09.10 06:11:25.001,9.41106,9.41478,1.00,1.75
2015.09.10 06:11:25.505,9.41116,9.41478,1.00,1.75
2015.09.10 06:11:27.158,9.41156,9.41465,1.00,1.75
2015.09.10 06:11:27.277,9.41105,9.41465,1.00,1.75
2015.09.10 06:11:27.531,9.41105,9.41465,1.00,1.75
2015.09.10 06:11:27.930,9.41105,9.41465,1.00,1.37
2015.09.10 06:11:28.186,9.41165,9.41465,1.00,1.37
2015.09.10 06:11:28.288,9.41105,9.41465,1.00,1.37
2015.09.10 06:11:28.390,9.41116,9.41465,1.00,1.37
2015.09.10 06:11:28.598,9.41106,9.41465,1.00,1.37
2015.09.10 06:11:28.979,9.41116,9.41465,1.00,1.37
2015.09.10 06:11:29.148,9.41106,9.41465,1.00,1.37
2015.09.10 06:11:30.669,9.41105,9.41465,1.00,1.37
2015.09.10 06:11:31.090,9.41106,9.41465,1.00,1.75
2015.09.10 06:11:31.681,9.41095,9.41474,1.00,2.25
2015.09.10 06:11:31.732,9.41095,9.41354,1.00,1.50
2015.09.10 06:11:32.279,9.41096,9.41354,1.00,1.50
2015.09.10 06:11:32.867,9.41086,9.41284,1.00,1.50
2015.09.10 06:11:33.879,9.41086,9.41274,1.00,1.50
2015.09.10 06:11:34.389,9.41086,9.41314,1.00,1.50
2015.09.10 06:11:35.079,9.41096,9.41314,1.00,1.50
2015.09.10 06:11:35.338,9.41096,9.41335,1.00,1.50
2015.09.10 06:11:37.229,9.41096,9.41407,1.00,1.00
2015.09.10 06:11:37.838,9.41095,9.41407,1.00,1.00
2015.09.10 06:11:38.577,9.41096,9.41407,1.00,1.00
2015.09.10 06:11:39.324,9.41096,9.41324,1.00,1.50
2015.09.10 06:11:39.837,9.41099,9.41324,1.00,1.50
2015.09.10 06:11:40.091,9.41276,9.41555,1.00,2.25
2015.09.10 06:11:40.257,9.41276,9.41555,1.00,1.87
2015.09.10 06:11:40.449,9.41226,9.41514,1.00,1.00
2015.09.10 06:11:40.500,9.41306,9.41514,1.50,1.00
2015.09.10 06:11:40.551,9.41216,9.41514,1.50,1.00
2015.09.10 06:11:40.602,9.41216,9.41514,1.50,1.75
2015.09.10 06:11:40.653,9.41106,9.41514,2.25,1.75
2015.09.10 06:11:40.705,9.41106,9.41514,2.25,1.75
2015.09.10 06:11:40.807,9.41106,9.41514,2.25,1.75
2015.09.10 06:11:40.909,9.41116,9.41497,1.00,1.37
2015.09.10 06:11:41.213,9.41106,9.41447,1.00,1.00
2015.09.10 06:11:42.623,9.41196,9.4145,1.00,1.07
2015.09.10 06:11:42.933,9.41276,9.41484,1.00,1.50
2015.09.10 06:11:43.276,9.41306,9.41561,1.50,1.12
2015.09.10 06:11:43.457,9.41306,9.41568,1.57,1.12
2015.09.10 06:11:44.022,9.41306,9.41582,1.87,1.12
2015.09.10 06:11:44.624,9.41306,9.416,1.87,1.12
2015.09.10 06:11:44.824,9.41306,9.41582,1.87,1.12
2015.09.10 06:11:45.348,9.41306,9.41604,1.50,1.12
2015.09.10 06:11:45.500,9.41245,9.41555,1.00,2.25
2015.09.10 06:11:45.551,9.41245,9.41555,1.00,2.25
2015.09.10 06:11:45.703,9.41196,9.41515,1.50,1.75
2015.09.10 06:11:45.754,9.41196,9.41503,1.50,1.12
2015.09.10 06:11:45.805,9.41134,9.41503,1.00,1.12
2015.09.10 06:11:45.856,9.41115,9.41498,2.25,1.12
2015.09.10 06:11:45.958,9.41115,9.41511,2.25,1.75
2015.09.10 06:11:46.009,9.41116,9.41511,1.12,1.37
2015.09.10 06:11:46.060,9.41116,9.41477,1.12,1.00
2015.09.10 06:11:46.162,9.41115,9.41477,1.87,1.00
2015.09.10 06:11:46.518,9.41115,9.41477,1.87,1.37
2015.09.10 06:11:46.827,9.41086,9.41447,1.75,1.00
2015.09.10 06:11:46.980,9.41086,9.41447,1.00,1.75
2015.09.10 06:11:47.185,9.41086,9.41447,1.07,1.37
2015.09.10 06:11:48.191,9.41086,9.41447,1.00,1.75
2015.09.10 06:11:48.858,9.41085,9.41428,1.00,1.07
2015.09.10 06:11:53.197,9.41085,9.41474,1.75,2.25
2015.09.10 06:11:53.248,9.41085,9.41474,1.75,2.25
2015.09.10 06:11:53.299,9.41085,9.41445,1.75,1.07
2015.09.10 06:11:53.544,9.41086,9.41445,1.50,1.07
2015.09.10 06:11:53.800,9.41086,9.41474,1.57,1.12
2015.09.10 06:11:54.000,9.41086,9.41474,1.57,1.75
2015.09.10 06:11:54.396,9.41146,9.41474,1.00,1.75
2015.09.10 06:11:54.616,9.41116,9.41462,1.50,1.37
2015.09.10 06:11:54.667,9.41116,9.41462,1.50,1.00
2015.09.10 06:11:54.769,9.41116,9.41462,1.50,1.37
2015.09.10 06:11:55.166,9.41116,9.41462,2.25,1.37
2015.09.10 06:11:55.470,9.41086,9.41457,1.75,1.12
2015.09.10 06:11:55.901,9.41086,9.41446,1.00,1.37
2015.09.10 06:11:56.004,9.41086,9.41436,1.82,1.07
2015.09.10 06:11:56.917,9.41126,9.41462,1.37,1.75
2015.09.10 06:11:57.019,9.41086,9.41447,1.82,1.37
2015.09.10 06:11:58.206,9.41086,9.41494,1.82,1.75
2015.09.10 06:11:58.319,9.41086,9.4145,1.82,1.37
2015.09.10 06:11:58.987,9.41086,9.4145,1.82,1.37
2015.09.10 06:11:59.190,9.41103,9.41494,1.00,1.75
2015.09.10 06:11:59.291,9.41086,9.41456,1.07,1.37
2015.09.10 06:11:59.393,9.41086,9.41456,1.82,1.37
2015.09.10 06:12:00.516,9.41086,9.41504,1.82,3.00
2015.09.10 06:12:01.414,9.41086,9.41455,1.82,1.37
2015.09.10 06:12:01.733,9.41086,9.41498,1.82,1.75
2015.09.10 06:12:01.998,9.41086,9.41441,1.82,1.07
2015.09.10 06:12:02.302,9.41276,9.41504,1.00,1.50
2015.09.10 06:12:02.778,9.41306,9.41613,1.50,1.75
2015.09.10 06:12:02.831,9.41306,9.41613,1.50,1.75
2015.09.10 06:12:02.942,9.41306,9.4158,1.50,1.12
2015.09.10 06:12:03.394,9.41306,9.4156,1.57,1.12
2015.09.10 06:12:03.883,9.41306,9.41568,1.87,1.12
2015.09.10 06:12:04.242,9.41306,9.41568,1.57,1.12
2015.09.10 06:12:04.346,9.41306,9.41577,1.50,1.12
2015.09.10 06:12:04.398,9.41286,9.41577,1.50,1.12
2015.09.10 06:12:04.499,9.41246,9.41555,1.37,1.50
2015.09.10 06:12:04.550,9.41246,9.41555,1.00,2.25
2015.09.10 06:12:04.753,9.41196,9.41524,1.50,1.87
2015.09.10 06:12:04.804,9.41196,9.41524,1.50,2.25
2015.09.10 06:12:05.191,9.41196,9.41515,1.50,1.12
2015.09.10 06:12:05.293,9.41119,9.41524,1.12,2.62
2015.09.10 06:12:05.344,9.41119,9.41504,1.12,1.12
2015.09.10 06:12:05.673,9.41119,9.41499,1.12,1.12
2015.09.10 06:12:05.724,9.41119,9.41502,1.12,1.75
2015.09.10 06:12:05.986,9.41116,9.41477,2.25,1.75
2015.09.10 06:12:06.227,9.41116,9.41477,2.25,1.75
2015.09.10 06:12:06.456,9.41086,9.41477,3.07,1.75
2015.09.10 06:12:07.327,9.41086,9.41466,3.07,1.75
2015.09.10 06:12:07.837,9.41086,9.41469,3.07,1.75
2015.09.10 06:12:08.626,9.41086,9.41466,3.07,1.75
2015.09.10 06:12:08.977,9.41086,9.41469,3.07,1.75
2015.09.10 06:12:09.469,9.41086,9.41469,3.07,1.75
2015.09.10 06:12:09.813,9.41086,9.41466,3.07,1.12
2015.09.10 06:12:09.865,9.41086,9.41466,3.07,1.75
2015.09.10 06:12:10.174,9.41101,9.41493,1.12,1.75
2015.09.10 06:12:10.224,9.41216,9.41493,1.50,1.75
2015.09.10 06:12:11.133,9.41186,9.4149,1.50,1.75
2015.09.10 06:12:11.286,9.41186,9.4149,1.50,1.75
2015.09.10 06:12:11.493,9.41186,9.41504,1.50,1.75
2015.09.10 06:12:11.810,9.41186,9.41487,1.50,1.75
2015.09.10 06:12:11.962,9.41186,9.41511,1.50,1.75
2015.09.10 06:12:12.064,9.41186,9.41511,1.50,1.75
2015.09.10 06:12:12.115,9.41296,9.41514,1.50,1.75
2015.09.10 06:12:12.166,9.41296,9.41524,1.50,1.75
2015.09.10 06:12:12.387,9.41296,9.41524,1.50,1.75
2015.09.10 06:12:12.438,9.41266,9.41524,1.50,1.75
2015.09.10 06:12:12.857,9.41266,9.41524,1.50,1.75
2015.09.10 06:12:12.958,9.41266,9.41524,1.50,1.75
2015.09.10 06:12:13.609,9.41266,9.41524,1.50,1.75
2015.09.10 06:12:13.660,9.41235,9.41524,1.50,1.75
2015.09.10 06:12:13.952,9.41206,9.41524,1.50,1.75
2015.09.10 06:12:14.358,9.41206,9.41494,1.50,1.75
2015.09.10 06:12:14.612,9.41126,9.41494,2.25,1.75
2015.09.10 06:12:14.883,9.41126,9.41494,2.25,1.75
2015.09.10 06:12:14.934,9.41126,9.41491,2.25,1.75
2015.09.10 06:12:15.707,9.41116,9.41491,1.75,1.75
2015.09.10 06:12:16.043,9.41106,9.41484,2.32,1.75
2015.09.10 06:12:18.197,9.41101,9.41484,1.12,1.75
2015.09.10 06:12:18.299,9.41116,9.4146,1.75,1.37
2015.09.10 06:12:18.350,9.41116,9.41492,1.75,1.37
2015.09.10 06:12:18.551,9.41116,9.41492,1.75,1.12
2015.09.10 06:12:18.704,9.41186,9.41492,1.50,1.12
2015.09.10 06:12:19.010,9.41186,9.41492,1.50,1.75
2015.09.10 06:12:19.465,9.41116,9.41492,1.50,1.75
2015.09.10 06:12:21.416,9.41116,9.41489,2.25,1.75
2015.09.10 06:12:21.619,9.41116,9.41489,2.25,1.75
2015.09.10 06:12:22.510,9.41116,9.41489,2.25,1.75
2015.09.10 06:12:22.561,9.41155,9.41464,1.50,1.07
2015.09.10 06:12:23.004,9.41155,9.41483,1.87,1.07
2015.09.10 06:12:23.892,9.41126,9.41483,2.25,1.07
2015.09.10 06:12:23.994,9.41126,9.41504,2.25,1.37
2015.09.10 06:12:24.795,9.41126,9.41491,2.25,1.75
2015.09.10 06:12:25.495,9.41176,9.41497,1.50,1.75
2015.09.10 06:12:26.496,9.41115,9.41482,2.25,1.50
2015.09.10 06:12:26.599,9.41115,9.41482,1.87,1.50
2015.09.10 06:12:26.701,9.41115,9.41482,2.25,1.50
2015.09.10 06:12:27.486,9.41156,9.41482,1.50,1.50
2015.09.10 06:12:28.465,9.41116,9.41482,2.25,1.50
2015.09.10 06:12:28.567,9.41116,9.41482,2.25,1.00
2015.09.10 06:12:28.618,9.41116,9.41482,1.50,1.00
2015.09.10 06:12:28.720,9.41116,9.41482,2.25,1.00
2015.09.10 06:12:30.454,9.41116,9.41482,3.00,1.00
2015.09.10 06:12:30.816,9.41101,9.41482,1.12,1.00
2015.09.10 06:12:31.500,9.41122,9.41482,1.12,1.00
2015.09.10 06:12:31.553,9.41122,9.41482,1.12,1.00
2015.09.10 06:12:31.619,9.41122,9.41482,1.12,1.00
2015.09.10 06:12:31.670,9.41122,9.41504,1.12,1.07
2015.09.10 06:12:31.774,9.41122,9.41483,1.12,1.00
2015.09.10 06:12:32.621,9.41122,9.41483,1.12,1.00
2015.09.10 06:12:33.041,9.41112,9.41483,1.12,1.00
2015.09.10 06:12:33.123,9.41122,9.41483,1.12,1.00
2015.09.10 06:12:33.431,9.41122,9.41477,1.12,1.00
2015.09.10 06:12:33.777,9.41122,9.41477,1.12,1.00
2015.09.10 06:12:33.929,9.41122,9.41477,1.12,1.00
2015.09.10 06:12:34.250,9.41106,9.41484,2.25,1.00
2015.09.10 06:12:34.535,9.41136,9.41464,1.50,1.50
2015.09.10 06:12:35.568,9.41136,9.41464,2.25,1.50
2015.09.10 06:12:35.952,9.41136,9.41464,1.87,1.50
2015.09.10 06:12:36.054,9.41136,9.41464,1.50,1.50
2015.09.10 06:12:36.519,9.41126,9.41454,1.57,1.50
2015.09.10 06:12:37.710,9.41106,9.41434,2.25,1.50
2015.09.10 06:12:38.841,9.41122,9.41434,1.12,1.50
2015.09.10 06:12:39.162,9.41117,9.41434,1.12,1.50
2015.09.10 06:12:39.213,9.41106,9.41434,2.25,1.50
2015.09.10 06:12:39.264,9.41106,9.41434,2.25,1.50
2015.09.10 06:12:41.380,9.41106,9.41434,2.32,1.50
2015.09.10 06:12:41.482,9.41106,9.41434,2.32,1.50
2015.09.10 06:12:41.754,9.41097,9.41472,1.12,1.00
2015.09.10 06:12:42.066,9.41097,9.41472,1.12,1.00
2015.09.10 06:12:42.697,9.41106,9.41484,1.82,1.00
2015.09.10 06:12:42.799,9.41097,9.41475,1.12,1.00
2015.09.10 06:12:43.191,9.41097,9.41475,1.12,1.00
2015.09.10 06:12:43.269,9.41097,9.4145,1.12,1.00
2015.09.10 06:12:43.371,9.41097,9.4147,1.12,1.00
2015.09.10 06:12:43.422,9.41097,9.41473,1.12,1.00
2015.09.10 06:12:43.523,9.41122,9.41473,1.12,1.00
2015.09.10 06:12:44.376,9.41122,9.41473,1.12,1.00
2015.09.10 06:12:44.478,9.41122,9.41466,1.12,1.00
2015.09.10 06:12:44.529,9.41094,9.41466,1.12,1.00
2015.09.10 06:12:45.081,9.41094,9.41466,1.12,1.00
2015.09.10 06:12:45.673,9.41094,9.4146,1.12,1.00
2015.09.10 06:12:46.386,9.41106,9.4146,1.75,1.00
2015.09.10 06:12:46.487,9.41094,9.41473,1.12,1.00
2015.09.10 06:12:46.777,9.41094,9.41473,1.12,1.00
2015.09.10 06:12:48.197,9.41097,9.41493,1.12,1.07
2015.09.10 06:12:48.299,9.41097,9.41466,1.12,1.00
2015.09.10 06:12:49.691,9.41097,9.41486,1.12,1.10
2015.09.10 06:12:49.792,9.41097,9.41462,1.12,1.00
2015.09.10 06:12:51.127,9.41097,9.41462,1.12,1.00
2015.09.10 06:12:51.405,9.41097,9.41478,1.12,1.00
2015.09.10 06:12:51.709,9.41146,9.41456,1.50,1.00
2015.09.10 06:12:51.760,9.41146,9.41461,1.50,1.00
2015.09.10 06:12:52.510,9.41226,9.41474,1.37,1.50
2015.09.10 06:12:52.561,9.41295,9.41604,1.50,1.75
2015.09.10 06:12:52.664,9.41295,9.41608,1.50,1.75
2015.09.10 06:12:53.196,9.41295,9.41614,2.25,1.37
2015.09.10 06:13:02.356,9.41295,9.4161,2.25,1.12
2015.09.10 06:13:02.453,9.41295,9.41614,2.25,1.75
2015.09.10 06:13:04.595,9.41295,9.4161,2.25,1.12
2015.09.10 06:13:04.747,9.41295,9.41574,1.50,1.37
2015.09.10 06:13:04.798,9.41246,9.41538,1.57,1.37
2015.09.10 06:13:04.951,9.41246,9.41484,1.50,1.00
2015.09.10 06:13:05.002,9.41196,9.41484,2.25,1.00
2015.09.10 06:13:05.104,9.41196,9.41484,1.50,1.00
2015.09.10 06:13:05.155,9.41196,9.41494,1.50,1.00
2015.09.10 06:13:05.982,9.41186,9.41494,1.50,1.00
2015.09.10 06:13:06.147,9.41186,9.41474,1.50,1.00
2015.09.10 06:13:06.471,9.41186,9.41474,1.87,1.00
2015.09.10 06:13:06.963,9.41186,9.41494,1.87,1.00
2015.09.10 06:13:07.270,9.41186,9.41494,1.87,1.00
2015.09.10 06:13:07.372,9.41186,9.41494,2.25,1.00
2015.09.10 06:13:07.473,9.41186,9.41494,1.87,1.00
2015.09.10 06:13:07.877,9.41192,9.41494,1.75,1.00
2015.09.10 06:13:07.978,9.41296,9.41566,1.50,1.12
2015.09.10 06:13:08.234,9.41296,9.41582,1.87,1.12
2015.09.10 06:13:08.285,9.41296,9.41584,1.87,1.37
2015.09.10 06:13:08.479,9.41296,9.41584,1.87,1.00
2015.09.10 06:13:08.729,9.41296,9.41584,2.25,1.00
2015.09.10 06:13:13.100,9.41306,9.41614,2.25,1.37
2015.09.10 06:13:13.151,9.41306,9.41555,2.25,1.00
2015.09.10 06:13:13.202,9.41306,9.41555,1.50,1.00
2015.09.10 06:13:13.253,9.41236,9.41554,2.62,1.00
2015.09.10 06:13:13.304,9.41236,9.41538,2.62,1.00
2015.09.10 06:13:13.608,9.41196,9.41474,1.50,1.00
2015.09.10 06:13:14.569,9.41186,9.41474,1.50,1.00
2015.09.10 06:13:14.671,9.41186,9.41464,1.50,1.00
2015.09.10 06:13:15.075,9.41228,9.41464,1.00,1.00
2015.09.10 06:13:15.385,9.41375,9.41514,1.00,1.50
2015.09.10 06:13:15.487,9.41283,9.41514,1.75,1.50
2015.09.10 06:13:15.729,9.41305,9.41635,2.25,2.32
2015.09.10 06:13:15.830,9.41305,9.41635,2.25,1.57
2015.09.10 06:13:15.983,9.41305,9.41635,2.25,1.50
2015.09.10 06:13:16.288,9.41377,9.41635,1.12,1.50
2015.09.10 06:13:16.339,9.41396,9.4169,1.87,1.75
2015.09.10 06:13:16.440,9.41396,9.41694,1.87,1.00
2015.09.10 06:13:24.922,9.41396,9.41674,1.87,1.00
2015.09.10 06:13:30.160,9.41396,9.41674,1.87,1.00
2015.09.10 06:13:35.445,9.41406,9.41684,1.57,1.00
2015.09.10 06:13:36.756,9.41406,9.41684,1.87,1.00
2015.09.10 06:13:37.736,9.41416,9.41684,1.50,1.07
2015.09.10 06:13:38.714,9.41416,9.41684,1.57,1.00
2015.09.10 06:13:39.426,9.41416,9.41654,1.50,1.00
2015.09.10 06:13:39.916,9.41416,9.41664,1.50,1.00
2015.09.10 06:13:40.307,9.41406,9.41664,1.57,1.00
2015.09.10 06:13:40.508,9.41406,9.41664,1.87,1.00
2015.09.10 06:13:42.885,9.41406,9.41655,1.87,1.37
2015.09.10 06:13:43.265,9.41406,9.41654,1.50,1.37
2015.09.10 06:13:43.317,9.41375,9.41684,2.25,1.00
2015.09.10 06:13:43.418,9.41375,9.41644,2.25,1.00
2015.09.10 06:13:43.722,9.41375,9.41644,2.25,1.00
2015.09.10 06:13:45.149,9.41416,9.41564,1.57,1.00
2015.09.10 06:13:45.435,9.41367,9.41584,1.12,1.50
2015.09.10 06:13:45.790,9.41369,9.41584,1.75,1.50
2015.09.10 06:13:46.807,9.41385,9.41625,2.25,1.00
2015.09.10 06:13:48.037,9.41416,9.41624,1.87,1.00
2015.09.10 06:13:49.136,9.41376,9.41625,2.25,1.00
2015.09.10 06:13:49.739,9.41426,9.41625,1.87,1.00
2015.09.10 06:13:51.886,9.41379,9.41624,1.75,1.00
2015.09.10 06:13:52.418,9.41379,9.41625,1.75,1.00
2015.09.10 06:13:53.708,9.41406,9.41624,2.25,1.00
2015.09.10 06:13:55.227,9.41436,9.41644,1.87,1.00
2015.09.10 06:13:58.585,9.41426,9.41645,1.87,1.00
2015.09.10 06:13:58.738,9.41426,9.41644,1.50,1.00
2015.09.10 06:13:59.425,9.41426,9.41644,1.87,1.00
2015.09.10 06:14:00.504,9.41426,9.41644,1.50,1.00
2015.09.10 06:14:00.739,9.41426,9.41644,1.57,1.00
2015.09.10 06:14:05.214,9.41405,9.41634,1.12,1.00
2015.09.10 06:14:09.492,9.41456,9.41634,1.50,1.00
2015.09.10 06:14:09.933,9.41456,9.41654,1.50,1.00
2015.09.10 06:14:12.443,9.41416,9.41654,2.25,1.00
2015.09.10 06:14:12.494,9.41416,9.41654,1.50,1.00
2015.09.10 06:14:12.960,9.41416,9.41654,1.87,1.00
2015.09.10 06:14:14.165,9.41416,9.41654,2.25,1.00
2015.09.10 06:14:15.935,9.41396,9.41654,1.87,1.00
2015.09.10 06:14:16.355,9.41396,9.41654,1.50,1.00
2015.09.10 06:14:16.406,9.41396,9.41654,2.25,1.00
2015.09.10 06:14:17.652,9.41392,9.41634,1.12,1.00
2015.09.10 06:14:23.446,9.41396,9.41614,2.25,1.00
2015.09.10 06:14:23.497,9.41396,9.41614,1.50,1.00
2015.09.10 06:14:23.548,9.41326,9.41614,2.32,1.00
2015.09.10 06:14:23.599,9.41326,9.41614,1.57,1.00
2015.09.10 06:14:23.651,9.41326,9.41544,1.57,1.00
2015.09.10 06:14:23.752,9.41326,9.41544,1.50,1.00
2015.09.10 06:14:23.995,9.41326,9.41574,1.50,1.00
2015.09.10 06:14:24.514,9.41306,9.41574,1.50,1.00
2015.09.10 06:14:28.516,9.41286,9.41574,1.50,1.00
2015.09.10 06:14:28.655,9.41286,9.41554,1.50,1.00
2015.09.10 06:14:29.498,9.41256,9.41554,1.50,1.00
2015.09.10 06:14:30.375,9.41256,9.41574,1.50,1.00
2015.09.10 06:14:34.425,9.41256,9.41554,1.50,1.00
2015.09.10 06:14:36.406,9.41256,9.41585,1.50,1.00
2015.09.10 06:14:36.507,9.41236,9.41585,2.25,1.00
2015.09.10 06:14:36.850,9.41236,9.41584,2.25,1.00
2015.09.10 06:14:36.953,9.41236,9.41594,1.50,1.00
2015.09.10 06:14:37.054,9.41316,9.41594,1.50,1.00
2015.09.10 06:14:37.409,9.41316,9.41584,1.50,1.00
2015.09.10 06:14:38.011,9.41286,9.41594,1.50,1.00
2015.09.10 06:14:38.945,9.41266,9.41574,1.50,1.00
2015.09.10 06:14:39.277,9.41211,9.41574,1.12,1.00
2015.09.10 06:14:39.379,9.41206,9.41574,2.25,1.00
2015.09.10 06:14:41.277,9.41211,9.41575,1.12,1.00
2015.09.10 06:14:41.328,9.41211,9.41574,1.12,1.00
2015.09.10 06:14:41.637,9.41286,9.41574,1.50,1.00
2015.09.10 06:14:42.338,9.41211,9.41574,1.12,1.00
2015.09.10 06:14:42.389,9.41174,9.41575,1.12,1.00
2015.09.10 06:14:42.440,9.41169,9.41564,1.12,1.00
2015.09.10 06:14:42.643,9.41186,9.41554,1.57,1.00
2015.09.10 06:14:42.745,9.41186,9.41554,1.50,1.00
2015.09.10 06:14:42.956,9.41186,9.41554,1.87,1.00
2015.09.10 06:14:43.537,9.41186,9.41536,1.87,1.00
2015.09.10 06:14:43.842,9.41146,9.41509,2.25,1.00
2015.09.10 06:14:43.944,9.41146,9.41509,1.57,1.00
2015.09.10 06:14:44.155,9.41146,9.41529,1.57,1.00
2015.09.10 06:14:44.206,9.41146,9.41535,2.25,1.00
2015.09.10 06:14:44.617,9.41116,9.41507,2.25,1.00
2015.09.10 06:14:44.926,9.41116,9.4148,2.25,1.00
2015.09.10 06:14:45.384,9.41116,9.4148,2.25,1.00
2015.09.10 06:14:45.739,9.41086,9.4147,2.25,1.00
2015.09.10 06:14:46.497,9.41086,9.4147,2.25,1.00
2015.09.10 06:14:47.335,9.41066,9.41444,2.25,1.00
2015.09.10 06:14:47.488,9.4107,9.41444,1.12,1.00
2015.09.10 06:14:48.163,9.41074,9.41464,1.12,1.00
2015.09.10 06:14:48.214,9.41074,9.41468,1.12,1.00
2015.09.10 06:14:48.468,9.41074,9.41468,1.12,1.00
2015.09.10 06:14:48.771,9.41066,9.41437,2.25,1.00
2015.09.10 06:14:49.241,9.41066,9.41408,2.25,1.00
2015.09.10 06:14:49.445,9.41066,9.41408,2.25,1.00
2015.09.10 06:14:50.434,9.41037,9.41408,1.75,1.00
2015.09.10 06:14:51.011,9.41037,9.41408,1.75,1.00
2015.09.10 06:14:51.467,9.41026,9.41408,2.25,1.00
2015.09.10 06:14:52.433,9.41036,9.41408,1.12,1.00
2015.09.10 06:14:53.029,9.41026,9.41428,2.62,1.00
2015.09.10 06:14:53.080,9.41026,9.41442,2.62,1.00
2015.09.10 06:14:53.232,9.41026,9.41442,2.62,1.00
2015.09.10 06:14:53.644,9.41045,9.41415,2.25,1.00
2015.09.10 06:14:53.746,9.41045,9.41436,2.25,1.00
2015.09.10 06:14:53.945,9.41045,9.41441,2.25,1.00
2015.09.10 06:14:54.200,9.41045,9.41441,2.25,1.00
2015.09.10 06:14:54.742,9.41045,9.41441,2.25,1.00
2015.09.10 06:14:55.744,9.41045,9.41441,2.25,1.00
2015.09.10 06:14:56.195,9.41045,9.41441,2.25,1.00
2015.09.10 06:14:57.147,9.41036,9.41441,2.25,1.00
2015.09.10 06:14:57.497,9.41036,9.41415,2.25,1.00
2015.09.10 06:14:59.053,9.41036,9.41435,2.25,1.00
2015.09.10 06:14:59.105,9.41036,9.41439,2.25,1.00
2015.09.10 06:14:59.155,9.41036,9.41409,2.25,1.00
2015.09.10 06:14:59.908,9.41036,9.41409,2.25,1.00
2015.09.10 06:14:59.959,9.41036,9.41429,2.25,1.00
2015.09.10 06:15:00.010,9.41036,9.41436,2.25,1.00
2015.09.10 06:15:00.884,9.41036,9.41436,2.25,1.00
2015.09.10 06:15:02.662,9.41046,9.4141,2.25,1.00
2015.09.10 06:15:02.764,9.41046,9.41431,2.25,1.00
2015.09.10 06:15:02.815,9.41046,9.41442,2.25,1.00
2015.09.10 06:15:03.666,9.41046,9.41461,2.25,1.00
2015.09.10 06:15:03.718,9.41046,9.41469,2.25,1.00
2015.09.10 06:15:03.819,9.41058,9.41474,1.75,1.50
2015.09.10 06:15:03.971,9.41048,9.41474,1.75,1.50
2015.09.10 06:15:04.878,9.41038,9.41521,1.75,1.00
2015.09.10 06:15:05.674,9.4104,9.41523,1.75,1.00
2015.09.10 06:15:06.276,9.41052,9.41494,1.75,1.00
2015.09.10 06:15:06.940,9.41075,9.41494,2.25,1.00
2015.09.10 06:15:16.873,9.41076,9.41484,1.75,1.50
2015.09.10 06:15:16.975,9.41076,9.41474,1.75,1.00
2015.09.10 06:15:17.927,9.41086,9.41494,2.25,1.00
2015.09.10 06:15:17.978,9.41086,9.41494,2.25,1.00
2015.09.10 06:15:22.923,9.41086,9.41478,2.25,1.00
2015.09.10 06:15:23.229,9.41086,9.41458,2.25,1.00
2015.09.10 06:15:23.681,9.41086,9.41458,2.25,1.00
2015.09.10 06:15:23.947,9.41037,9.41453,1.12,1.00
2015.09.10 06:15:24.298,9.41037,9.41434,1.12,1.00
2015.09.10 06:15:25.804,9.41037,9.41446,1.12,1.00
2015.09.10 06:15:26.429,9.4104,9.41454,1.75,1.50
2015.09.10 06:15:26.760,9.41063,9.41454,1.75,1.50
2015.09.10 06:15:28.185,9.41035,9.41454,1.12,2.25
2015.09.10 06:15:28.858,9.41035,9.41434,1.12,1.50
2015.09.10 06:15:30.848,9.41035,9.41424,1.12,1.50
2015.09.10 06:15:31.845,9.41035,9.41434,1.12,1.50
2015.09.10 06:15:31.947,9.41035,9.41416,1.12,1.00
2015.09.10 06:15:32.909,9.41035,9.41414,1.12,1.50
2015.09.10 06:15:33.471,9.41029,9.41414,1.12,1.50
2015.09.10 06:15:33.888,9.41028,9.41414,1.12,1.50
2015.09.10 06:15:34.998,9.41029,9.41414,1.12,1.50
2015.09.10 06:15:35.620,9.41029,9.41414,1.12,1.50
2015.09.10 06:15:35.902,9.41029,9.41416,1.12,1.00
2015.09.10 06:15:38.717,9.41029,9.41416,1.12,1.00
2015.09.10 06:15:38.966,9.41029,9.41416,1.12,1.00
2015.09.10 06:15:45.772,9.41028,9.41409,1.12,1.00
2015.09.10 06:15:49.762,9.41029,9.41433,1.12,1.00
2015.09.10 06:15:49.867,9.41029,9.41324,1.12,1.50
2015.09.10 06:15:50.157,9.41016,9.41324,1.75,1.50
2015.09.10 06:15:50.377,9.41016,9.41324,1.75,1.50
2015.09.10 06:15:50.933,9.41026,9.41324,1.75,1.50
2015.09.10 06:15:52.044,9.41006,9.41314,1.75,1.50
2015.09.10 06:15:52.146,9.41015,9.41314,1.75,1.50
2015.09.10 06:15:52.869,9.41015,9.41295,1.75,1.50
2015.09.10 06:15:53.264,9.41006,9.41295,1.75,1.50
2015.09.10 06:15:53.839,9.41016,9.41284,1.75,1.50
2015.09.10 06:15:53.941,9.41016,9.41284,1.75,1.50
2015.09.10 06:15:56.229,9.41019,9.41284,1.12,1.50
2015.09.10 06:15:57.017,9.41026,9.41354,2.25,1.50
2015.09.10 06:16:00.232,9.41026,9.41407,2.25,1.00
2015.09.10 06:16:00.283,9.41026,9.41436,2.25,1.00
2015.09.10 06:16:00.436,9.41037,9.41436,1.82,1.00
2015.09.10 06:16:00.489,9.41056,9.41414,1.75,1.00
2015.09.10 06:16:00.547,9.41056,9.41414,1.00,1.00
2015.09.10 06:16:00.599,9.40996,9.41414,2.25,1.00
2015.09.10 06:16:00.650,9.40996,9.41354,2.25,1.00
2015.09.10 06:16:00.954,9.40883,9.41354,1.00,1.00
2015.09.10 06:16:01.472,9.40876,9.41354,1.50,1.00
2015.09.10 06:16:01.523,9.40876,9.41484,1.50,1.75
2015.09.10 06:16:01.574,9.40896,9.41484,1.50,1.75
2015.09.10 06:16:01.676,9.40836,9.41465,1.00,2.25
2015.09.10 06:16:01.989,9.40806,9.41414,1.00,1.37
2015.09.10 06:16:02.263,9.40796,9.41414,1.50,1.37
2015.09.10 06:16:02.472,9.40796,9.41364,1.50,1.00
2015.09.10 06:16:02.787,9.40796,9.41354,1.50,1.00
2015.09.10 06:16:02.990,9.40796,9.41424,1.50,2.25
2015.09.10 06:16:03.453,9.40796,9.41364,1.50,1.00
2015.09.10 06:16:03.808,9.40895,9.41365,1.00,1.00
2015.09.10 06:16:04.011,9.40805,9.41364,1.50,1.00
2015.09.10 06:16:04.388,9.40805,9.41435,1.50,2.25
2015.09.10 06:16:04.857,9.40805,9.41364,1.50,1.00
2015.09.10 06:16:05.110,9.40796,9.41365,1.50,1.00
2015.09.10 06:16:06.032,9.40776,9.41284,1.50,1.00
2015.09.10 06:16:06.864,9.40776,9.41364,1.50,1.75
2015.09.10 06:16:06.915,9.40893,9.41364,1.00,1.00
2015.09.10 06:16:07.118,9.40776,9.41364,1.50,1.00
2015.09.10 06:16:07.169,9.40776,9.41404,1.50,1.87
2015.09.10 06:16:07.220,9.40776,9.41404,1.50,2.25
2015.09.10 06:16:07.422,9.40766,9.41394,1.50,2.25
2015.09.10 06:16:07.679,9.40766,9.41355,1.50,1.00
2015.09.10 06:16:08.209,9.40766,9.41354,1.50,1.00
2015.09.10 06:16:08.260,9.40766,9.41354,2.25,1.00
2015.09.10 06:16:08.362,9.40786,9.41365,1.50,1.00
2015.09.10 06:16:12.627,9.40901,9.41365,1.37,1.00
2015.09.10 06:16:12.931,9.40767,9.41194,1.00,1.00
2015.09.10 06:16:12.992,9.40736,9.41194,1.50,1.00
2015.09.10 06:16:13.200,9.40736,9.41174,1.50,1.00
2015.09.10 06:16:14.821,9.40696,9.41234,1.50,1.07
2015.09.10 06:16:15.177,9.40696,9.41204,1.50,1.00
2015.09.10 06:16:15.832,9.40686,9.41204,1.50,1.10
2015.09.10 06:16:16.438,9.40766,9.41204,1.00,1.10
2015.09.10 06:16:16.808,9.40706,9.41204,1.50,1.10
2015.09.10 06:16:17.651,9.40706,9.41204,2.25,1.10
2015.09.10 06:16:17.905,9.40706,9.41204,2.25,1.10
2015.09.10 06:16:17.956,9.40706,9.41204,1.50,1.10
2015.09.10 06:16:18.689,9.40686,9.41204,1.50,1.10
2015.09.10 06:16:24.829,9.40849,9.41204,1.00,1.10
2015.09.10 06:16:24.930,9.40829,9.41204,1.00,1.10
2015.09.10 06:16:24.981,9.40686,9.41204,2.25,1.10
2015.09.10 06:16:25.032,9.40686,9.41204,2.25,1.10
2015.09.10 06:16:25.142,9.40686,9.41194,2.25,1.00
2015.09.10 06:16:25.365,9.40686,9.41194,1.50,1.00
2015.09.10 06:16:25.813,9.40696,9.41194,1.50,1.00
2015.09.10 06:16:26.468,9.40745,9.41194,1.00,1.00
2015.09.10 06:16:26.906,9.40766,9.41194,1.00,1.00
2015.09.10 06:16:28.879,9.40745,9.41194,1.00,1.00
2015.09.10 06:16:29.398,9.40745,9.41194,1.75,1.00
2015.09.10 06:16:29.500,9.40745,9.41194,1.00,1.00
2015.09.10 06:16:29.551,9.40717,9.41194,1.00,1.00
2015.09.10 06:16:29.602,9.40696,9.41194,1.50,1.00
2015.09.10 06:16:29.653,9.407,9.41144,1.00,1.00
2015.09.10 06:16:29.754,9.40686,9.41144,1.50,1.00
2015.09.10 06:16:30.183,9.40686,9.41134,1.50,1.00
2015.09.10 06:16:33.598,9.40686,9.41124,1.50,1.00
2015.09.10 06:16:33.902,9.40695,9.41124,1.50,1.00
2015.09.10 06:16:34.180,9.40676,9.41124,1.87,1.00
2015.09.10 06:16:34.654,9.40726,9.41124,1.00,1.00
2015.09.10 06:16:34.958,9.40742,9.41124,1.00,1.00
2015.09.10 06:16:35.009,9.40685,9.41124,2.25,1.00
2015.09.10 06:16:35.111,9.40685,9.41124,1.50,1.00
2015.09.10 06:16:35.904,9.40685,9.41125,2.25,1.00
2015.09.10 06:16:36.005,9.40825,9.41124,1.00,1.00
2015.09.10 06:16:36.057,9.40806,9.41124,1.00,1.00
2015.09.10 06:16:36.108,9.40666,9.41124,2.25,1.00
2015.09.10 06:16:36.210,9.40666,9.41124,1.50,1.00
2015.09.10 06:16:39.317,9.40666,9.41124,1.87,1.00
2015.09.10 06:16:39.669,9.40716,9.41124,1.00,1.00
2015.09.10 06:16:39.990,9.40666,9.41124,1.87,1.00
2015.09.10 06:16:40.387,9.40691,9.41144,1.00,1.00
2015.09.10 06:16:40.719,9.40701,9.41144,1.82,1.00
2015.09.10 06:16:40.821,9.40714,9.41144,1.00,1.00
2015.09.10 06:16:41.417,9.40714,9.41124,1.00,1.00
2015.09.10 06:16:41.468,9.40666,9.41124,2.25,1.00
2015.09.10 06:16:41.519,9.40666,9.41125,2.25,1.00
2015.09.10 06:16:41.627,9.40666,9.41124,1.50,1.00
2015.09.10 06:16:41.883,9.40726,9.41134,1.00,1.00
2015.09.10 06:16:42.036,9.40666,9.41134,1.50,1.00
2015.09.10 06:16:42.178,9.40666,9.41124,1.50,1.00
2015.09.10 06:16:43.079,9.40666,9.41124,1.87,1.00
2015.09.10 06:16:45.552,9.408,9.41124,1.00,1.00
2015.09.10 06:16:45.654,9.40779,9.41124,1.00,1.00
2015.09.10 06:16:45.705,9.40666,9.41184,2.25,1.07
2015.09.10 06:16:45.756,9.40666,9.41184,2.25,1.07
2015.09.10 06:16:45.858,9.40736,9.41184,1.00,1.07
2015.09.10 06:16:46.282,9.40666,9.40954,1.50,1.00
2015.09.10 06:16:46.435,9.40611,9.41004,1.00,1.50
2015.09.10 06:16:46.486,9.40596,9.41004,1.00,1.87
2015.09.10 06:16:46.588,9.40586,9.41004,1.00,1.87
2015.09.10 06:16:46.689,9.40576,9.41003,1.50,1.37
2015.09.10 06:16:46.740,9.40563,9.41003,1.00,1.50
2015.09.10 06:16:46.943,9.40563,9.41003,1.00,1.75
2015.09.10 06:16:46.994,9.40454,9.41064,1.00,2.25
2015.09.10 06:16:47.095,9.40552,9.40992,1.00,1.75
2015.09.10 06:16:47.146,9.40552,9.40992,1.00,1.75
2015.09.10 06:16:47.197,9.40436,9.41064,1.50,2.25
2015.09.10 06:16:47.299,9.40496,9.41124,1.50,2.25
2015.09.10 06:16:47.540,9.40476,9.41105,1.00,2.25
2015.09.10 06:16:47.692,9.40475,9.41105,1.50,2.25
2015.09.10 06:16:47.949,9.40475,9.41105,1.50,2.25
2015.09.10 06:16:48.151,9.40475,9.41105,1.50,2.25
2015.09.10 06:16:48.645,9.40475,9.41105,1.50,2.25
2015.09.10 06:16:48.697,9.40486,9.41089,1.00,1.75
2015.09.10 06:16:49.199,9.40466,9.41094,1.50,2.25
2015.09.10 06:16:49.250,9.40466,9.41094,1.50,2.25
2015.09.10 06:16:49.503,9.40486,9.41114,1.50,2.25
2015.09.10 06:16:49.851,9.40486,9.41097,1.50,1.75
2015.09.10 06:16:50.679,9.4064,9.4108,1.00,1.75
2015.09.10 06:16:50.781,9.4062,9.41086,1.00,1.75
2015.09.10 06:16:51.031,9.40505,9.41114,1.00,2.25
2015.09.10 06:16:51.914,9.40486,9.41114,1.87,2.25
2015.09.10 06:16:52.015,9.40486,9.41114,1.87,2.25
2015.09.10 06:16:52.308,9.40486,9.41114,1.50,2.25
2015.09.10 06:16:53.209,9.40586,9.41114,1.00,2.25
2015.09.10 06:16:53.412,9.40526,9.41154,1.50,2.25
2015.09.10 06:16:54.397,9.40526,9.41154,2.25,2.25
2015.09.10 06:16:54.498,9.40526,9.41154,1.50,2.25
2015.09.10 06:16:55.325,9.40516,9.41144,1.50,2.25
2015.09.10 06:16:55.427,9.40516,9.41144,1.50,2.25
2015.09.10 06:16:55.680,9.40538,9.41144,1.00,2.25
2015.09.10 06:16:55.984,9.40585,9.41144,1.00,2.25
2015.09.10 06:16:56.254,9.40516,9.41144,1.50,2.25
2015.09.10 06:16:56.858,9.40516,9.41144,2.25,2.25
2015.09.10 06:16:56.960,9.40516,9.41144,1.50,2.25
2015.09.10 06:16:57.164,9.40516,9.41144,1.50,1.57
2015.09.10 06:16:57.393,9.40566,9.40903,1.50,1.00
2015.09.10 06:16:57.697,9.40366,9.40744,1.50,1.00
2015.09.10 06:16:57.748,9.40355,9.40764,1.00,1.50
2015.09.10 06:16:57.799,9.40336,9.40764,2.25,1.50
2015.09.10 06:16:57.850,9.40256,9.40884,1.50,1.87
2015.09.10 06:16:57.952,9.40256,9.40884,1.50,1.50
2015.09.10 06:16:58.003,9.40286,9.40914,1.50,1.57
2015.09.10 06:16:58.307,9.40336,9.40964,1.50,2.25
2015.09.10 06:16:58.692,9.40336,9.40964,1.50,1.57
2015.09.10 06:16:58.951,9.40436,9.41064,1.50,2.25
2015.09.10 06:16:59.952,9.40436,9.41064,1.50,2.25
2015.09.10 06:17:00.409,9.4046,9.41064,1.00,2.25
2015.09.10 06:17:00.460,9.4046,9.41064,1.00,1.87
2015.09.10 06:17:00.612,9.40494,9.41064,1.00,1.87
2015.09.10 06:17:00.934,9.40532,9.41064,1.00,1.87
2015.09.10 06:17:01.311,9.40563,9.41104,1.75,1.00
2015.09.10 06:17:01.362,9.40563,9.41144,1.75,2.25
2015.09.10 06:17:01.514,9.40636,9.41224,1.00,2.25
2015.09.10 06:17:01.839,9.4067,9.41274,1.00,2.25
2015.09.10 06:17:01.890,9.4067,9.41274,1.00,2.25
2015.09.10 06:17:02.093,9.40705,9.41254,1.00,1.75
2015.09.10 06:17:02.245,9.40705,9.41254,1.00,1.75
2015.09.10 06:17:02.297,9.40705,9.41055,1.00,1.00
2015.09.10 06:17:02.767,9.40696,9.40924,1.00,1.50
2015.09.10 06:17:02.819,9.40726,9.41054,1.50,1.50
2015.09.10 06:17:02.922,9.40778,9.41164,1.00,1.50
2015.09.10 06:17:03.024,9.40778,9.41174,1.00,1.00
2015.09.10 06:17:03.179,9.40778,9.41165,1.00,1.00
2015.09.10 06:17:03.332,9.40756,9.41165,1.50,1.37
2015.09.10 06:17:04.007,9.40754,9.41194,1.00,1.75
2015.09.10 06:17:04.776,9.40754,9.41194,1.00,1.07
2015.09.10 06:17:05.172,9.40756,9.41184,1.50,1.50
2015.09.10 06:17:05.488,9.40777,9.41184,1.00,1.50
2015.09.10 06:17:05.832,9.40788,9.40934,1.00,1.00
2015.09.10 06:17:06.158,9.40803,9.40934,1.00,1.00
2015.09.10 06:17:07.796,9.40803,9.41224,1.00,1.75
2015.09.10 06:17:12.829,9.40803,9.41174,1.00,1.00
2015.09.10 06:17:13.089,9.40803,9.41184,1.00,1.00
2015.09.10 06:17:16.169,9.40803,9.41194,1.00,1.07
2015.09.10 06:17:16.220,9.40803,9.41194,1.00,1.37
2015.09.10 06:17:17.112,9.40816,9.41194,1.50,1.37
2015.09.10 06:17:17.419,9.40816,9.41194,1.50,1.37
2015.09.10 06:17:17.759,9.40816,9.41234,1.50,1.75
2015.09.10 06:17:17.972,9.40816,9.41243,1.50,1.75
2015.09.10 06:17:18.378,9.40816,9.41243,1.50,1.75
2015.09.10 06:17:19.116,9.40805,9.41235,1.50,2.25
2015.09.10 06:17:21.055,9.40803,9.41204,1.00,1.87
2015.09.10 06:17:22.887,9.40803,9.41204,1.00,1.50
2015.09.10 06:17:23.039,9.40803,9.41094,1.00,1.50
2015.09.10 06:17:23.140,9.40783,9.41094,1.00,1.50
2015.09.10 06:17:23.191,9.4078,9.41094,1.00,1.50
2015.09.10 06:17:24.026,9.4078,9.41074,1.00,1.50
2015.09.10 06:17:25.620,9.40765,9.41074,1.37,1.50
2015.09.10 06:17:28.037,9.40765,9.41034,1.75,1.50
2015.09.10 06:17:28.088,9.40765,9.41034,1.07,1.50
2015.09.10 06:17:29.098,9.40753,9.41124,1.12,1.50
2015.09.10 06:17:29.200,9.40769,9.41124,1.12,1.50
2015.09.10 06:17:29.403,9.40772,9.41124,1.07,1.50
2015.09.10 06:17:30.268,9.40772,9.41124,1.82,1.50
2015.09.10 06:17:35.373,9.40772,9.41124,1.07,1.50
2015.09.10 06:17:35.737,9.40748,9.41124,1.50,1.50
2015.09.10 06:17:36.127,9.40748,9.40994,1.50,1.50
2015.09.10 06:17:41.206,9.40746,9.40974,1.12,1.50
2015.09.10 06:17:41.547,9.4072,9.40974,1.75,1.50
2015.09.10 06:17:42.189,9.4072,9.40984,1.75,1.50
2015.09.10 06:17:42.757,9.4075,9.40984,1.12,1.50
2015.09.10 06:17:43.454,9.4075,9.41074,1.12,1.50
2015.09.10 06:17:44.312,9.4075,9.41074,1.12,1.50
2015.09.10 06:17:45.147,9.4075,9.41074,1.12,1.50
2015.09.10 06:17:45.377,9.40755,9.41085,2.32,1.50
2015.09.10 06:17:46.429,9.40755,9.41085,2.32,1.50
2015.09.10 06:17:46.734,9.40753,9.41074,1.12,1.50
2015.09.10 06:17:46.938,9.40746,9.41074,1.87,1.50
2015.09.10 06:17:47.725,9.40777,9.41074,1.12,1.50
2015.09.10 06:17:48.044,9.40746,9.41074,2.32,1.50
2015.09.10 06:17:48.146,9.40746,9.41074,2.32,1.50
2015.09.10 06:17:48.969,9.40746,9.41074,2.32,1.50
2015.09.10 06:17:49.020,9.40746,9.41074,2.32,1.50
2015.09.10 06:17:49.122,9.40746,9.41074,2.32,1.50
2015.09.10 06:17:49.482,9.40742,9.41124,1.12,1.57
2015.09.10 06:17:51.124,9.40742,9.41124,1.12,1.57
2015.09.10 06:17:52.128,9.40742,9.41124,1.12,1.57
2015.09.10 06:17:52.445,9.40739,9.41124,1.12,1.57
2015.09.10 06:17:52.647,9.40741,9.4115,1.12,1.00
2015.09.10 06:17:53.102,9.4073,9.41095,1.12,1.37
2015.09.10 06:17:53.483,9.40726,9.41068,1.87,1.00
2015.09.10 06:17:53.737,9.40686,9.41095,2.25,1.37
2015.09.10 06:17:54.516,9.40702,9.41114,1.75,2.25
2015.09.10 06:17:58.285,9.40754,9.41134,1.12,1.50
2015.09.10 06:17:58.488,9.40739,9.41115,1.12,1.75
2015.09.10 06:17:59.486,9.40731,9.41091,1.12,1.75
2015.09.10 06:18:00.622,9.40704,9.41038,1.12,1.00
2015.09.10 06:18:01.026,9.40675,9.41038,1.75,1.75
2015.09.10 06:18:02.027,9.4068,9.41013,1.12,1.00
2015.09.10 06:18:02.600,9.40646,9.40985,1.75,1.00
2015.09.10 06:18:02.904,9.4066,9.40924,1.12,1.50
2015.09.10 06:18:03.790,9.40637,9.40949,1.12,1.00
2015.09.10 06:18:03.844,9.40637,9.40954,1.12,1.50
2015.09.10 06:18:04.097,9.40637,9.40954,1.12,1.50
2015.09.10 06:18:04.556,9.40667,9.40954,1.12,1.50
2015.09.10 06:18:04.987,9.40667,9.41024,1.12,1.00
2015.09.10 06:18:05.433,9.40635,9.41049,1.12,1.07
2015.09.10 06:18:05.535,9.40635,9.41052,1.12,1.00
2015.09.10 06:18:05.840,9.40626,9.41008,3.37,1.00
2015.09.10 06:18:06.192,9.40646,9.40974,2.25,1.50
2015.09.10 06:18:06.745,9.4064,9.41008,1.12,1.00
2015.09.10 06:18:06.847,9.4064,9.41037,1.12,1.00
2015.09.10 06:18:06.898,9.4064,9.4101,1.12,1.00
2015.09.10 06:18:07.101,9.4064,9.4101,1.12,1.07
2015.09.10 06:18:07.791,9.40646,9.40974,2.25,1.50
2015.09.10 06:18:08.095,9.40679,9.40974,1.75,1.50
2015.09.10 06:18:08.702,9.40679,9.40964,1.75,1.50
2015.09.10 06:18:11.775,9.40648,9.4101,1.12,1.37
2015.09.10 06:18:11.827,9.40648,9.41029,1.12,1.00
2015.09.10 06:18:11.878,9.40655,9.41036,2.25,1.00
2015.09.10 06:18:11.929,9.40655,9.4101,2.25,1.00
2015.09.10 06:18:12.030,9.40655,9.4101,2.25,1.00
2015.09.10 06:18:12.320,9.40655,9.4101,2.25,1.07
2015.09.10 06:18:12.996,9.40666,9.4101,2.25,1.00
2015.09.10 06:18:13.250,9.40666,9.4101,2.25,1.07
2015.09.10 06:18:13.771,9.40666,9.4101,2.25,1.00
2015.09.10 06:18:14.025,9.40686,9.4101,2.25,1.12
2015.09.10 06:18:14.330,9.40676,9.41034,2.25,1.00
2015.09.10 06:18:14.533,9.40676,9.41058,2.25,1.00
2015.09.10 06:18:14.584,9.40676,9.41058,2.25,1.00
2015.09.10 06:18:14.897,9.40676,9.41033,2.25,1.75
2015.09.10 06:18:15.331,9.40686,9.41008,2.25,1.00
2015.09.10 06:18:15.525,9.40686,9.41008,2.25,1.07
2015.09.10 06:18:15.784,9.40686,9.41008,2.25,1.00
2015.09.10 06:18:16.109,9.40686,9.41008,2.25,1.00
2015.09.10 06:18:16.168,9.40686,9.41034,2.25,1.50
2015.09.10 06:18:16.441,9.40686,9.41013,2.25,1.00
2015.09.10 06:18:16.543,9.40686,9.41013,2.25,1.00
2015.09.10 06:18:17.518,9.40686,9.41013,2.25,1.00
2015.09.10 06:18:17.671,9.40667,9.41042,1.12,1.00
2015.09.10 06:18:17.773,9.40667,9.41017,1.12,1.00
2015.09.10 06:18:17.836,9.40667,9.41017,1.12,1.07
2015.09.10 06:18:19.295,9.40686,9.41017,2.25,1.00
2015.09.10 06:18:19.346,9.40686,9.41037,2.25,1.00
2015.09.10 06:18:19.397,9.40686,9.41041,2.25,1.00
2015.09.10 06:18:20.141,9.40686,9.41014,2.25,1.00
2015.09.10 06:18:20.293,9.40686,9.41014,2.25,1.00
2015.09.10 06:18:21.265,9.40706,9.41039,2.25,1.00
2015.09.10 06:18:21.468,9.40722,9.41073,1.75,1.00
2015.09.10 06:18:21.569,9.40722,9.41124,1.75,1.07
2015.09.10 06:18:21.621,9.40722,9.41084,1.75,1.00
2015.09.10 06:18:21.823,9.40778,9.41138,1.12,1.37
2015.09.10 06:18:22.090,9.40795,9.41132,1.50,1.75
2015.09.10 06:18:22.396,9.40795,9.41059,1.50,1.07
2015.09.10 06:18:22.447,9.40716,9.41059,1.87,1.07
2015.09.10 06:18:22.498,9.40716,9.41059,1.87,1.75
2015.09.10 06:18:23.286,9.40661,9.41034,1.12,1.00
2015.09.10 06:18:23.344,9.40676,9.41058,1.75,1.00
2015.09.10 06:18:23.497,9.40656,9.41028,2.25,1.00
2015.09.10 06:18:23.810,9.40656,9.41008,2.25,1.00
2015.09.10 06:18:24.215,9.40656,9.41008,2.25,1.37
2015.09.10 06:18:24.813,9.40656,9.41008,2.25,1.00
2015.09.10 06:18:25.016,9.40656,9.41008,2.25,1.37
2015.09.10 06:18:25.345,9.40656,9.41008,2.25,1.00
2015.09.10 06:18:25.497,9.40656,9.40944,2.25,1.00
2015.09.10 06:18:26.063,9.40646,9.40944,1.75,1.00
2015.09.10 06:18:26.114,9.40645,9.40984,2.25,1.00
2015.09.10 06:18:26.215,9.40645,9.40934,2.25,1.00
2015.09.10 06:18:26.317,9.40645,9.40934,2.25,1.00
2015.09.10 06:18:26.419,9.40645,9.40934,2.25,1.00
2015.09.10 06:18:26.571,9.40652,9.40934,1.12,1.07
2015.09.10 06:18:27.000,9.40645,9.40934,2.32,1.37
2015.09.10 06:18:27.458,9.40645,9.40934,1.57,1.37
2015.09.10 06:18:27.560,9.40645,9.40914,1.50,1.37
2015.09.10 06:18:34.779,9.40645,9.40914,1.50,1.00
2015.09.10 06:18:35.992,9.40626,9.40914,2.25,1.50
2015.09.10 06:18:36.436,9.40626,9.40884,2.25,1.07
2015.09.10 06:18:36.487,9.40626,9.40884,1.50,1.07
2015.09.10 06:18:37.005,9.40606,9.40884,2.25,1.07
2015.09.10 06:18:38.049,9.40606,9.40884,2.25,1.00
2015.09.10 06:18:39.332,9.40606,9.40884,2.25,1.75
2015.09.10 06:18:40.238,9.40606,9.40884,2.25,1.75
2015.09.10 06:18:40.289,9.40606,9.40884,2.25,1.00
2015.09.10 06:18:41.266,9.40606,9.40884,2.32,1.37
2015.09.10 06:18:42.602,9.4061,9.40884,1.12,1.00
2015.09.10 06:18:42.654,9.4061,9.40904,1.12,1.00
2015.09.10 06:18:42.967,9.4061,9.40894,1.12,1.00
2015.09.10 06:18:43.125,9.40626,9.40904,1.50,1.00
2015.09.10 06:18:43.446,9.40626,9.40894,1.50,1.00
2015.09.10 06:18:43.765,9.40626,9.40894,1.50,1.37
2015.09.10 06:18:44.572,9.40626,9.40914,1.50,1.00
2015.09.10 06:18:44.786,9.40626,9.40914,1.50,1.75
2015.09.10 06:18:45.024,9.40616,9.40894,1.50,1.37
2015.09.10 06:18:45.365,9.40616,9.40894,1.50,1.37
2015.09.10 06:18:46.784,9.40616,9.40904,1.50,1.00
2015.09.10 06:18:46.975,9.40626,9.40924,1.50,1.00
2015.09.10 06:18:47.684,9.40626,9.40894,1.50,1.00
2015.09.10 06:18:48.018,9.40626,9.40894,1.50,1.37
2015.09.10 06:18:52.518,9.40626,9.40924,1.50,1.00
2015.09.10 06:18:53.389,9.40626,9.40904,1.50,1.00
2015.09.10 06:18:53.716,9.40626,9.40904,1.50,1.37
2015.09.10 06:18:54.015,9.40616,9.40904,1.95,1.37
2015.09.10 06:18:56.917,9.40616,9.40894,1.87,1.37
2015.09.10 06:18:57.838,9.40616,9.40894,1.50,1.37
2015.09.10 06:19:00.496,9.40646,9.40935,1.50,1.75
2015.09.10 06:19:00.547,9.40646,9.40944,1.50,1.00
2015.09.10 06:19:00.648,9.40646,9.40989,1.50,1.00
2015.09.10 06:19:00.851,9.40646,9.40994,1.87,1.00
2015.09.10 06:19:01.116,9.40646,9.41014,1.87,2.25
2015.09.10 06:19:01.504,9.40648,9.40924,1.12,1.00
2015.09.10 06:19:01.757,9.40646,9.40904,1.57,1.00
2015.09.10 06:19:01.972,9.40646,9.40904,1.50,1.00
2015.09.10 06:19:02.445,9.40646,9.40894,1.50,1.00
2015.09.10 06:19:02.496,9.40616,9.40894,1.95,1.07
2015.09.10 06:19:12.726,9.40616,9.40904,2.25,1.00
2015.09.10 06:19:13.165,9.40616,9.40775,2.25,1.00
2015.09.10 06:19:13.318,9.40616,9.40775,1.57,1.00
2015.09.10 06:19:13.369,9.40616,9.40841,1.57,1.00
2015.09.10 06:19:13.471,9.40616,9.40854,1.50,1.50
2015.09.10 06:19:13.522,9.40596,9.40854,1.50,1.00
2015.09.10 06:19:14.045,9.40596,9.40854,1.57,1.00
2015.09.10 06:19:14.563,9.40616,9.40824,1.50,1.00
2015.09.10 06:19:15.459,9.40616,9.40874,1.50,1.07
2015.09.10 06:19:15.561,9.40706,9.40874,1.00,1.07
2015.09.10 06:19:15.612,9.40706,9.40874,1.00,1.00
2015.09.10 06:19:15.662,9.40776,9.4093,1.00,1.12
2015.09.10 06:19:15.967,9.40706,9.40968,1.00,1.12
2015.09.10 06:19:16.023,9.40706,9.40984,1.00,2.25
2015.09.10 06:19:16.074,9.40706,9.40984,1.07,2.25
2015.09.10 06:19:16.277,9.40786,9.41125,1.00,1.50
2015.09.10 06:19:16.329,9.40794,9.41125,1.00,1.50
2015.09.10 06:19:16.632,9.40845,9.41134,2.25,1.00
2015.09.10 06:19:16.829,9.40845,9.41144,2.25,1.00
2015.09.10 06:19:17.052,9.40845,9.41191,2.25,1.37
2015.09.10 06:19:17.255,9.40869,9.41214,1.12,1.75
2015.09.10 06:19:17.573,9.40869,9.41215,1.12,2.25
2015.09.10 06:19:17.725,9.40892,9.41214,1.37,1.00
2015.09.10 06:19:17.827,9.40909,9.41215,1.12,1.50
2015.09.10 06:19:18.030,9.40909,9.41234,1.12,1.00
2015.09.10 06:19:18.388,9.40909,9.41224,1.12,1.00
2015.09.10 06:19:18.794,9.40909,9.41224,1.12,1.00
2015.09.10 06:19:18.846,9.40909,9.41244,1.12,1.82
2015.09.10 06:19:18.897,9.40924,9.41244,1.12,1.07
2015.09.10 06:19:19.113,9.40929,9.41244,1.12,2.25
2015.09.10 06:19:19.459,9.40929,9.41234,1.12,1.00
2015.09.10 06:19:19.784,9.40954,9.41224,1.75,1.00
2015.09.10 06:19:19.988,9.40952,9.41224,1.12,1.00
2015.09.10 06:19:20.140,9.40952,9.41244,1.12,1.07
2015.09.10 06:19:20.364,9.40957,9.41234,1.12,1.00
2015.09.10 06:19:21.147,9.40944,9.41224,1.12,1.00
2015.09.10 06:19:21.304,9.40925,9.41224,1.12,1.00
2015.09.10 06:19:21.571,9.40925,9.41244,1.12,1.00
2015.09.10 06:19:21.777,9.40953,9.41244,1.12,1.00
2015.09.10 06:19:22.106,9.40969,9.41205,1.12,1.00
2015.09.10 06:19:22.309,9.40965,9.41205,1.87,1.00
2015.09.10 06:19:22.360,9.40965,9.41215,1.87,1.00
2015.09.10 06:19:22.574,9.40965,9.41254,1.87,1.00
2015.09.10 06:19:22.777,9.40946,9.41254,1.50,1.00
2015.09.10 06:19:23.081,9.40866,9.4124,2.25,1.00
2015.09.10 06:19:23.740,9.40816,9.41233,1.57,1.75
2015.09.10 06:19:23.892,9.40845,9.41211,1.00,1.75
2015.09.10 06:19:24.231,9.40871,9.41214,1.12,1.00
2015.09.10 06:19:24.532,9.40873,9.41214,1.12,1.00
2015.09.10 06:19:25.021,9.40935,9.41215,1.50,1.00
2015.09.10 06:19:25.072,9.40935,9.41234,1.57,1.00
2015.09.10 06:19:25.659,9.40935,9.41244,1.57,1.37
2015.09.10 06:19:25.815,9.40946,9.41244,1.57,1.37
2015.09.10 06:19:26.139,9.40946,9.41234,1.57,1.00
2015.09.10 06:19:27.834,9.40946,9.41244,1.57,1.37
2015.09.10 06:19:29.623,9.40946,9.41234,1.57,1.00
2015.09.10 06:19:30.144,9.40946,9.41244,1.57,1.37
2015.09.10 06:19:32.145,9.40946,9.41234,1.57,1.00
2015.09.10 06:19:32.334,9.40946,9.41244,1.57,1.37
2015.09.10 06:19:34.094,9.40946,9.41234,1.57,1.00
2015.09.10 06:19:34.324,9.40946,9.41244,1.57,1.37
2015.09.10 06:19:35.334,9.40946,9.41234,1.57,1.00
2015.09.10 06:19:36.002,9.40946,9.41247,1.57,1.37
2015.09.10 06:19:40.667,9.40946,9.41254,1.57,1.75
2015.09.10 06:19:43.885,9.40946,9.41244,1.57,1.00
2015.09.10 06:19:45.094,9.40946,9.41254,1.57,1.75
2015.09.10 06:19:51.143,9.40946,9.41244,1.57,1.00
2015.09.10 06:19:52.155,9.40946,9.41254,1.57,1.75
2015.09.10 06:19:52.213,9.40946,9.41254,2.25,1.75
2015.09.10 06:19:52.586,9.40946,9.41245,2.25,1.00
2015.09.10 06:19:52.805,9.40946,9.41245,1.87,1.00
2015.09.10 06:19:53.754,9.40946,9.41245,2.25,1.00
2015.09.10 06:19:56.645,9.40946,9.41255,2.25,1.82
2015.09.10 06:19:56.746,9.40946,9.41255,2.25,1.75
2015.09.10 06:19:57.135,9.40946,9.41244,2.25,1.00
2015.09.10 06:19:57.470,9.40946,9.41244,2.25,1.00
2015.09.10 06:19:57.645,9.40946,9.41255,2.25,1.85
2015.09.10 06:19:58.645,9.40946,9.41244,2.25,1.00
2015.09.10 06:19:59.614,9.40946,9.41254,2.25,1.75
2015.09.10 06:20:00.634,9.40946,9.41244,2.25,1.00
2015.09.10 06:20:01.374,9.40946,9.41254,2.25,1.75
2015.09.10 06:20:10.884,9.40926,9.41244,2.25,1.00
2015.09.10 06:20:10.936,9.40926,9.41244,2.25,1.00
2015.09.10 06:20:13.216,9.40926,9.41254,1.12,1.12
2015.09.10 06:20:13.405,9.40926,9.41244,1.12,1.00
2015.09.10 06:20:13.747,9.40926,9.41234,1.12,1.00
2015.09.10 06:20:14.427,9.40926,9.41254,1.12,1.20
2015.09.10 06:20:43.384,9.40926,9.41259,1.12,1.50
2015.09.10 06:20:43.956,9.40926,9.41254,1.12,1.20
2015.09.10 06:20:45.161,9.40926,9.41259,1.12,1.50
2015.09.10 06:20:45.697,9.40926,9.41254,1.12,1.20
2015.09.10 06:20:47.269,9.40926,9.4126,1.12,1.75
2015.09.10 06:20:51.912,9.40926,9.41244,1.12,1.00
2015.09.10 06:20:52.239,9.40926,9.41244,1.12,1.00
2015.09.10 06:20:52.894,9.40926,9.41234,1.12,1.00
2015.09.10 06:20:53.125,9.40926,9.41234,1.12,1.00
2015.09.10 06:20:53.393,9.40926,9.41234,1.12,1.00
2015.09.10 06:20:53.844,9.40926,9.41244,1.12,1.00
2015.09.10 06:20:53.945,9.40926,9.41244,1.12,1.00
2015.09.10 06:20:54.163,9.40926,9.41244,1.12,1.00
2015.09.10 06:20:56.604,9.40926,9.41234,1.12,1.00
2015.09.10 06:21:01.110,9.40926,9.41244,1.12,1.00
2015.09.10 06:21:06.456,9.40926,9.41234,1.12,1.00
2015.09.10 06:21:11.206,9.40926,9.41244,1.12,1.00
2015.09.10 06:21:15.894,9.40926,9.41234,1.12,1.00
2015.09.10 06:21:16.713,9.40923,9.41234,1.12,1.00
2015.09.10 06:21:17.081,9.40923,9.41244,1.12,1.00
2015.09.10 06:21:17.152,9.40923,9.41244,1.12,1.00
2015.09.10 06:21:17.483,9.40923,9.41244,1.12,1.00
2015.09.10 06:21:21.443,9.40923,9.41244,1.12,1.00
2015.09.10 06:21:22.342,9.40923,9.41254,1.12,1.45
2015.09.10 06:21:22.583,9.40923,9.41244,1.12,1.00
2015.09.10 06:21:22.909,9.40923,9.41244,1.12,1.00
2015.09.10 06:21:24.583,9.40923,9.41254,1.12,1.45
2015.09.10 06:21:24.874,9.40923,9.41244,1.12,1.00
2015.09.10 06:21:25.007,9.40923,9.41244,1.12,1.00
2015.09.10 06:21:25.953,9.40923,9.41244,1.12,1.00
2015.09.10 06:21:27.083,9.40923,9.41254,1.12,1.45
2015.09.10 06:21:27.203,9.40923,9.41254,1.12,1.45
2015.09.10 06:21:27.316,9.40923,9.41244,1.12,1.00
2015.09.10 06:21:27.652,9.40923,9.41244,1.12,1.00
2015.09.10 06:21:29.093,9.40923,9.41254,1.12,1.45
2015.09.10 06:21:29.362,9.40923,9.41254,1.12,1.45
2015.09.10 06:21:30.372,9.40923,9.41244,1.12,1.00
2015.09.10 06:21:31.143,9.40923,9.41244,1.12,1.00
2015.09.10 06:21:31.383,9.40923,9.41254,1.12,1.45
2015.09.10 06:21:31.832,9.40923,9.41244,1.12,1.00
2015.09.10 06:21:35.333,9.40923,9.41254,1.12,1.45
2015.09.10 06:21:35.728,9.40923,9.41254,1.12,1.45
2015.09.10 06:21:35.913,9.40923,9.41245,1.12,1.00
2015.09.10 06:21:39.836,9.40923,9.41245,1.12,1.00
2015.09.10 06:21:47.134,9.40923,9.41234,1.12,1.00
2015.09.10 06:21:47.335,9.40923,9.41244,1.12,1.00
2015.09.10 06:21:47.436,9.40923,9.41244,1.12,1.00
2015.09.10 06:21:47.838,9.40923,9.41224,1.12,1.50
2015.09.10 06:21:54.484,9.40923,9.41224,1.12,1.50
2015.09.10 06:21:54.772,9.40923,9.41224,1.12,1.50
2015.09.10 06:21:57.844,9.40923,9.41234,1.12,1.00
2015.09.10 06:21:57.895,9.40923,9.41244,1.12,1.50
2015.09.10 06:21:58.167,9.40923,9.41244,1.12,1.50
2015.09.10 06:21:58.290,9.40923,9.41254,1.12,1.37
2015.09.10 06:21:58.341,9.40923,9.41234,1.12,1.00
2015.09.10 06:21:58.856,9.40923,9.41234,1.12,1.00
2015.09.10 06:22:02.625,9.40923,9.41244,1.12,1.00
2015.09.10 06:22:02.728,9.40923,9.41244,1.12,1.00
2015.09.10 06:22:03.373,9.40923,9.41234,1.12,1.00
2015.09.10 06:22:03.474,9.40923,9.41234,1.12,1.00
2015.09.10 06:22:04.633,9.40923,9.41244,1.12,1.00
2015.09.10 06:22:04.685,9.40923,9.41244,1.12,1.00
2015.09.10 06:22:05.135,9.40923,9.41234,1.12,1.00
2015.09.10 06:22:05.222,9.40922,9.41234,1.12,1.00
2015.09.10 06:22:05.441,9.40923,9.41234,1.12,1.00
2015.09.10 06:22:06.122,9.4092,9.41234,1.12,1.00
2015.09.10 06:22:06.593,9.40923,9.41244,1.12,1.07
2015.09.10 06:22:07.333,9.40923,9.41234,1.12,1.00
2015.09.10 06:22:08.654,9.40923,9.41244,1.12,1.07
2015.09.10 06:22:09.332,9.40923,9.41234,1.12,1.00
2015.09.10 06:22:12.661,9.40923,9.41244,1.12,1.07
2015.09.10 06:22:13.383,9.40923,9.41234,1.12,1.00
2015.09.10 06:22:16.933,9.40925,9.41254,1.12,1.75
2015.09.10 06:22:18.677,9.40921,9.41244,1.12,1.00
2015.09.10 06:22:18.905,9.40921,9.41234,1.12,1.00
2015.09.10 06:22:24.053,9.40921,9.41244,1.12,1.00
2015.09.10 06:22:24.384,9.40921,9.41234,1.12,1.00
2015.09.10 06:22:24.849,9.40921,9.41234,1.12,1.37
2015.09.10 06:22:26.896,9.40925,9.41234,1.12,1.00
2015.09.10 06:22:27.150,9.40925,9.41224,1.12,1.00
2015.09.10 06:22:27.805,9.40925,9.41244,1.12,2.25
2015.09.10 06:22:28.095,9.4092,9.41244,1.12,2.32
2015.09.10 06:22:28.259,9.4092,9.41244,1.12,3.00
2015.09.10 06:22:30.481,9.4092,9.41204,1.12,1.50
2015.09.10 06:22:33.979,9.4092,9.41204,1.12,1.50
2015.09.10 06:22:34.701,9.4092,9.41204,1.12,1.50
2015.09.10 06:22:35.196,9.4092,9.41204,1.12,1.50
2015.09.10 06:22:35.584,9.4092,9.41194,1.12,1.50
2015.09.10 06:22:36.912,9.40892,9.41194,1.12,1.50
2015.09.10 06:22:37.261,9.40892,9.41194,1.12,1.50
2015.09.10 06:22:37.521,9.40892,9.41184,1.12,1.50
2015.09.10 06:22:37.690,9.40892,9.41184,1.12,1.50
2015.09.10 06:22:38.441,9.40892,9.41184,1.12,1.50
2015.09.10 06:22:40.499,9.40892,9.41164,1.12,1.50
2015.09.10 06:22:41.020,9.40904,9.41164,1.12,1.50
2015.09.10 06:22:41.502,9.40904,9.41184,1.12,1.50
2015.09.10 06:22:43.941,9.40909,9.41184,1.12,1.50
2015.09.10 06:22:44.412,9.40904,9.41184,1.12,1.50
2015.09.10 06:22:44.463,9.40904,9.41164,1.12,1.50
2015.09.10 06:22:45.515,9.40904,9.41164,1.12,1.50
2015.09.10 06:22:46.062,9.40909,9.41164,1.12,1.50
2015.09.10 06:22:47.087,9.40904,9.41225,1.12,1.87
2015.09.10 06:22:47.189,9.40904,9.41225,1.12,1.50
2015.09.10 06:22:47.473,9.40904,9.4122,1.12,1.00
2015.09.10 06:22:47.777,9.40889,9.4122,1.12,1.37
2015.09.10 06:22:48.528,9.40889,9.4122,1.12,1.37
2015.09.10 06:22:49.071,9.40889,9.41204,1.12,1.50
2015.09.10 06:22:49.732,9.40889,9.41204,1.12,1.50
2015.09.10 06:22:50.736,9.40889,9.4122,1.12,1.45
2015.09.10 06:22:51.861,9.40889,9.4122,1.12,1.37
2015.09.10 06:22:52.041,9.40889,9.4122,1.12,1.45
2015.09.10 06:22:52.744,9.40889,9.41214,1.12,1.50
2015.09.10 06:22:54.252,9.40889,9.41214,1.12,1.50
2015.09.10 06:22:54.681,9.40889,9.41195,1.12,1.50
2015.09.10 06:22:54.972,9.40889,9.41195,1.12,1.50
2015.09.10 06:22:55.462,9.40889,9.41195,1.12,1.50
2015.09.10 06:22:55.800,9.40889,9.41204,1.12,1.50
2015.09.10 06:22:59.270,9.40889,9.41204,1.12,1.50
2015.09.10 06:22:59.523,9.40889,9.41204,1.12,1.50
2015.09.10 06:22:59.625,9.40889,9.41204,1.12,1.50
2015.09.10 06:22:59.676,9.40889,9.41194,1.12,1.50
2015.09.10 06:23:00.757,9.40889,9.41194,1.12,1.50
2015.09.10 06:23:02.711,9.40889,9.41184,1.12,1.50
2015.09.10 06:23:03.331,9.40884,9.41184,1.12,1.50
2015.09.10 06:23:03.441,9.40889,9.41184,1.12,1.50
2015.09.10 06:23:03.893,9.40889,9.41164,1.12,1.50
2015.09.10 06:23:05.591,9.40889,9.41194,1.12,1.50
2015.09.10 06:23:05.752,9.40889,9.41194,1.12,1.50
2015.09.10 06:23:06.010,9.40884,9.41194,1.12,1.50
2015.09.10 06:23:06.584,9.40884,9.41184,1.12,1.50
2015.09.10 06:23:07.064,9.40896,9.41184,1.12,1.50
2015.09.10 06:23:07.115,9.40896,9.41214,2.62,1.00
2015.09.10 06:23:07.217,9.40905,9.41214,1.12,1.10
2015.09.10 06:23:07.540,9.40896,9.41154,2.25,1.00
2015.09.10 06:23:07.743,9.40896,9.41154,1.87,1.00
2015.09.10 06:23:07.895,9.40896,9.41174,1.87,1.00
2015.09.10 06:23:08.318,9.40896,9.41174,2.25,1.00
2015.09.10 06:23:09.231,9.40896,9.41154,2.25,1.00
2015.09.10 06:23:09.282,9.40896,9.41154,1.87,1.00
